3969 4580
2054 119 2178 212 52

549 310 864 413 juvenis
918 321 1312 413 aspectam
1363 306 1670 412 ardenti
1721 333 1998 410 amore
2049 310 2392 412 diligere
2425 310 2721 414 coepit,
2771 325 2853 391 et
2896 311 3299 416 plurimos
3351 308 3455 390 ad
3509 334 3693 389 eam

482 488 491 497 ,
552 427 840 505 direxit
907 425 1251 501 nuncios
1317 426 1645 527 cupiens
1695 425 2186 525 conjungere
2235 452 2318 503 se
2351 422 2520 515 filli,
2592 450 2739 528 per
2787 452 3033 529 quam
3083 442 3306 504 tanto
3361 424 3696 504 ardebat

552 563 848 635 amore.
921 542 991 614 3.
1043 538 1358 633 Quibus
1396 540 1818 617 contemtis
1851 539 2222 640 juvenem
2256 541 2574 642 penitus
2605 541 2917 641 sprevit.
2990 541 3132 619 Ille
3165 566 3378 630 vem,
3432 564 3702 643 quum

552 677 639 732 se
690 654 802 730 sic
855 665 1358 729 contemtum
1406 652 1745 742 sentiret,
1804 650 2089 731 dolens
2141 653 2344 730 adeo
2398 652 2741 731 efficitur
2785 667 2879 730 ut
2908 655 3165 731 nimio
3215 653 3711 731 infirmitatis

560 789 814 845 onere
864 778 1338 863 gravaretur.
1439 768 1770 868 Saepius
1831 781 2103 844 tamen
2162 766 2354 865 illuc
2416 766 2582 843 ibat
2649 792 2816 868 quo
2883 792 3061 843 eam
3130 791 3525 869 egressam
3575 767 3710 845 vi·—

569 880 824 968 derat,
878 876 1340 954 desiderans
1390 901 1568 954 eam
1619 882 2089 968 con'venire,
2139 879 2282 956 sed
2331 904 2845 982 nequaquam
2884 882 3318 982 praevaluit
3359 880 3704 959 efficere.

464 1066 470 1071 .
512 1013 517 1017 ·
554 997 639 1071 4.
695 992 848 1070 Cui
916 1015 1107 1092 prae
1172 989 1460 1067 dolore
1506 991 1947 1072 lacrimanti
1999 994 2093 1070 fit
2144 993 2720 1070 obviam-anus
2767 993 3176 1092 religionis
3225 995 3510 1072 habitu
3561 994 3704 1072 de-

562 1120 866 1195 corata,
942 1128 1335 1205 quaerens
1399 1131 1796 1237 quaenam
1869 1121 2072 1185 esset
2137 1130 2404 1197 causa,
2479 1130 2685 1208 quae
2736 1130 2924 1183 eum
2978 1109 3089 1184 sic
3141 1107 3418 1185 dolere
3469 1132 3694 1186 com-

560 1219 908 1323 pelleret.
1011 1216 1244 1294 Sed
1220 1220 1527 1317 juvenis
1578 1246 1807 1322 quae
1832 1222 1917 1297 in
1969 1246 2146 1297 sua
2162 1233 2606 1298 versaretur
2655 1221 3138 1298 conscientia
3178 1223 3517 1300 minime
3555 1222 3698 1300 de·

561 1347 828 1439 tegere
889 1331 1225 1409 volebat.
1337 1333 1464 1410 Ad
1543 1359 1837 1433 quem
1828 1359 2088 1411 -:anus
2172 1339 2495 1464 Quanto
2576 1335 2755 1439 quis
2834 1332 3426 1413 infirmitatem
3464 1360 3699 1413 suam

563 1432 925 1523 medico
939 1444 1286 1522 revelare
1338 1445 1760 1536 distulerit,
1836 1461 2059 1523 tanto
2128 1446 2467 1545 graviori
2526 1447 2825 1524 morbo
2895 1449 3199 1525 attritus
3264 1419 3528 1526 fuerit.
3595 1458 3703 1509 -ῖ-

567 1565 754 1656 Quo
808 1550 1084 1636 audito
1136 1561 1480 1636 narraxit
1529 1586 1621 1638 ex
1671 1561 1958 1639 ordine
2010 1583 2216 1661 quae
2266 1560 2417 1635 sibi
2470 1559 2936 1649 acciderant,
2989 1576 3066 1638 et
3113 1587 3354 1638 suum
3405 1584 3703 1664 propa-

560 1674 749 1752 lavit
795 1687 1214 1752 secretum.
1316 1674 1467 1751 Cui
1519 1699 1751 1751 anus:
1825 1677 1946 1750 De
2007 1674 2134 1749 his
2202 1697 2409 1774 quae
2473 1673 2662 1772 jam
2702 1673 2959 1750 dixisti
3006 1675 3158 1751 Dei
3227 1674 3520 1751 auxilio
3570 1697 3700 1751 re-

563 1786 934 1865 medium
982 1787 1403 1865 inveniam.
1454 1831 1550 1845 -
1649 1793 1716 1864 5.
1746 1790 1871 1863 ’Et
1932 1814 2034 1864 eo
2075 1787 2352 1864 relicto
2403 1787 2507 1864 ad
2555 1789 2876 1889 propria
2925 1789 3323 1866 remeavit.
3419 1792 3523 1866 Et
3571 1812 3702 1866 ca-

564 1899 922 1977 niculam
987 1925 1229 2001 quam
1286 1900 1638 2003 apudse
1686 1901 2066 1989 habebat,
2121 1899 2447 1978 duobus
2516 1902 2800 1978 diebus
2849 1900 3201 1999 jejunare
3252 1903 3541 1999 coegit,
3616 1916 3703 1979 et

567 2014 699 2092 die
763 2013 1002 2091 tertio
1064 2039 1360 2114 panem
1421 2015 1674 2116 sinapi
1736 2014 2129 2092 infectum
2191 2012 2569 2112 jejunanti
2640 2014 2910 2113 largita
2978 2032 3110 2094 est.
3213 2022 3438 2114 Quae
3489 2014 3699 2092 dum

567 2133 932 2227 gustaret,
980 2150 1169 2226 prae
1219 2128 1751 2205 amaritudine
1789 2129 2005 2205 oculi
2043 2126 2211 2226 ejus
2245 2126 2635 2203 lacrimari
2672 2146 3129 2231 coeperunt.
3209 2136 3452 2207 ·Tunc
3489 2153 3698 2206 anus

568 2240 671 2319 ad
725 2239 1069 2316 domum
1119 2239 1460 2341 pudicae
1509 2239 1856 2322 feminae
1905 2240 2288 2343 perrexit,-
2333 2266 2578 2343 quam
2627 2240 2931 2342 juvenis
2981 2243 3454 2348 praedictus·
3484 2242 3694 2321 adeo

569 2353 901 2433 dilexit.-
954 2358 1023 2428 6.
1077 2358 1302 2449 Quae
1367 2354 1819 2431 honorifice
1884 2379 2034 2456 pro
2086 2377 2375 2451 magna
2423 2355 2838 2454 religionis
2887 2360 3148 2462 specie
3218 2360 3316 2434 ab
3379 2383 3470 2435 ea
3520 2382 3699 2435 sus-

492 2565 506 2572 ·
568 2481 791 2571 cepta
859 2480 992 2544 est.
1088 2469 1312 2542 Hanc
1378 2483 1648 2546 autem
1711 2493 1854 2545 sua
1933 2469 2448 2569 sequebatur·
2479 2473 2853 2549 canicula.
2955 2476 3398 2575 Quumque
3446 2472 3695 2548 vidis—

560 2597 689 2660 set
760 2579 1056 2657 mulier
1124 2577 1259 2656 illa
1335 2582 1773 2658 caniculam
1844 2581 2426 2671 lacrimantem,
2504 2587 2888 2687 quaesivit
2961 2586 3160 2688 quid
3223 2587 3555 2663 haberet
3615 2599 3700 2664 et

476 2783 489 2788 ‚
567 2719 816 2798 quare
876 2691 1447 2770 lacrimaretur.
1559 2698 1783 2772 Anus
1850 2694 1952 2771 ad
2034 2694 2262 2772 haec:
2341 2698 2760 2775 Cat-issima
2828 2701 3113 2788 amica,
3186 2724 3291 2776 ne
3359 2723 3698 2801 quaeras

553 2807 768 2911 quid
819 2808 952 2896 sit,
1007 2806 1231 2908 quod
1286 2806 1501 2884 adeo
1539 2833 1877 2910 magnus
1931 2807 2173 2885 dolor
2223 2823 2337 2886 est
2388 2807 2613 2911 quod
2665 2835 2983 2913 nequeo
3023 2811 3306 2887 dicere.
3355 2849 3458 2866 —-
3504 2817 3693 2890 Mu-

563 2922 715 3000 lier
758 2947 951 2999 vero
1001 2918 1253 3017 magis
1301 2920 1718 3020 instigabat
1763 2938 1858 3000 ut
1908 2922 2221 2999 diceret.
2325 2925 2475 3000 Cui
2529 2948 2758 2998 anus:
2810 2928 3021 3000 Haec
3074 2948 3329 3051 quam
3371 2927 3694 3028 conspi-
3813 2925 3820 2934 '

568 3036 679 3112 cis
730 3021 1081 3111 canicula
1127 3057 1310 3111 mea
1360 3050 1524 3113 erat
1570 3036 1767 3127 filia,
1821 3052 2027 3114 casta
2077 3036 2322 3111 nimis
2373 3050 2451 3112 et
2501 3034 2824 3126 decora,
2878 3061 3121 3168 quam
3156 3035 3461 3135 juvenis
3502 3038 3690 3117 ada-

564 3149 814 3225 mavit
864 3145 1215 3251 quidam.
1317 3148 1478 3225 Sed
1544 3150 1747 3232 adeo
1802 3166 2008 3228 casta
2062 3162 2252 3237 erat,
2314 3162 2408 3224 ut
2457 3169 2647 3226 eum
2700 3151 3040 3227 omnino
3094 3166 3530 3253 sperneret,
3609 3166 3691 3231 et

554 3261 736 3362 ejus
789 3285 1151 3339 amorem
1201 3280 1628 3364 respueret.
1727 3265 1988 3345 Unde
2021 3263 2304 3342 dolens
2356 3261 2560 3350 adeo
2615 3262 2994 3355 efficitur,
3067 3278 3163 3341 ut
3222 3289 3511 3364 magna
3560 3290 3689 3343 ae·

558 3376 973 3477 gritudine
1022 3375 1552 3475 stringeretur.
1652 3385 1811 3468 Pro
1883 3365 2046 3481 qua
2110 3377 2340 3508 culpa
2390 3377 2944 3458 miserabiliter
2989 3378 3208 3460 haec
3234 3379 3688 3483 supradicta
3729 3374 3744 3381 ’

548 3504 745 3572 ‚nata
774 3515 956 3567 mea
974 3490 1075 3570 in
1088 3490 1551 3582 caniculam
1582 3506 1884 3569 mutata
1920 3506 2054 3572 est.
2101 3530 2200 3550 -
2265 3496 2333 3570 7.
2381 3492 2542 3568 His
2576 3490 2801 3568 dictis
2849 3516 3039 3593 prae
3087 3493 3344 3570 nimio
3395 3493 3688 3576 dolore

572 3603 837 3705 erupit
884 3591 971 3679 in
1020 3604 1391 3682 lacrimas
1436 3629 1635 3682 anus
1684 3605 1836 3682 illa.
1936 3605 2064 3683 Ad
2112 3605 2308 3683 haec
2356 3603 2689 3684 femina:
2767 3606 2986 3702 Quid
3038 3629 3261 3707 ergo,
3312 3631 3489 3684 cara
3537 3606 3688 3684 do-

559 3715 818 3806 mina,
869 3740 1057 3816 ego,
1106 3719 1386 3798 similis
1435 3719 1730 3817 peccati
1786 3719 2131 3808 conscia,
2184 3717 2832 3821 quidsinquam,
2883 3718 3182 3798 factura
3223 3722 3455 3798 sum?
3548 3726 3687 3798 Me

546 3831 861 3912 ,etenim
913 3830 1184 3918 dilexit
1230 3830 1591 3927 juvenis„
1635 3831 1776 3924 sed
1830 3855 2108 3920 amore
2139 3833 2523 3920 ,castitatis
2576 3858 2766 3910 eum
2815 3835 3250 3923 contemsi,
3310 3849 3388 3914 et
3435 3833 3680 3914 simili

557 3944 821 4042 modo
872 3946 949 4022 ei
998 3943 1345 4041 contigit.
1394 3969 1492 4008 -÷-
1569 3945 1720 4030 Cui
1782 3969 1980 4036 anus
1998 3978 2026 4036 ι,
2067 3948 2408 4046 Suadeo
2459 3948 2635 4036 tibi,
2707 3972 2884 4026 cara
2935 3949 3218 4036 amica.
3291 3962 3387 4028 ut
3435 3972 3685 4050 quam

546 4057 1093 4156 :citojpot'eris3
1128 4054 1381 4155 huius,
1428 4058 1904 4154 miserearis,
1978 4067 2076 4144 et.
2106 4062 2335 4165 quod
2395 4062 2707 4166 quaerit
2765 4059 3037 4152 facias,
3109 4085 3215 4138 ne
3279 4074 3513 4141 etz-tu
3580 4060 3686 4142 si-

546 4168 751 4268 ffinili.
786 4167 1063 4266 modo*
1094 4169 1185 4266 in
1208 4193 1529 4266 ·canem;
1559 4177 1947 4298 mutari&
2011 4175 2122 4268 si,
2165 4178 2385 4288 enim
2445 4177 2731 4282 scirem
2777 4177 2986 4274 inter
3029 4171 3683 4279 juvenemprae-
