<?xml version="1.0" encoding="UTF-8"?>
<!DOCTYPE html PUBLIC "-//W3C//DTD XHTML 1.0 Transitional//EN"
    "http://www.w3.org/TR/xhtml1/DTD/xhtml1-transitional.dtd">
<html xmlns="http://www.w3.org/1999/xhtml" xml:lang="en" lang="en">
 <head>
  <title>
</title>
<meta http-equiv="Content-Type" content="text/html;charset=utf-8" />
  <meta name='ocr-system' content='tesseract 3.04.00' />
  <meta name='ocr-capabilities' content='ocr_page ocr_carea ocr_par ocr_line ocrx_word'/>
</head>
<body>
  <div class='ocr_page' id='page_1' title='image "./petrialfonsidis00schmgoog_0066.png"; bbox 0 0 3969 4580; ppageno 0'>
   <div class='ocr_carea' id='block_1_1' title="bbox 2061 104 2188 198">
    <p class='ocr_par' dir='ltr' id='par_1_1' title="bbox 2061 104 2188 198">
     <span class='ocr_line' id='line_1_1' title="bbox 2061 104 2188 198; baseline 0.031 -4"><span class='ocrx_word' id='word_1_1' title='bbox 2061 104 2188 198; x_wconf 88' lang='lat'><strong>56</strong></span> 
     </span>
    </p>
   </div>
   <div class='ocr_carea' id='block_1_2' title="bbox 583 284 3712 1873">
    <p class='ocr_par' dir='ltr' id='par_1_2' title="bbox 583 284 3712 1873">
     <span class='ocr_line' id='line_1_2' title="bbox 583 284 3694 382; baseline -0.003 0"><span class='ocrx_word' id='word_1_2' title='bbox 583 284 1093 382; x_wconf 69' lang='lat' dir='ltr'><strong>‘commiserat</strong></span> <span class='ocrx_word' id='word_1_3' title='bbox 1141 298 1253 375; x_wconf 87' lang='lat' dir='ltr'><strong>eis</strong></span> <span class='ocrx_word' id='word_1_4' title='bbox 1300 296 1589 376; x_wconf 86' lang='lat' dir='ltr'><strong>retulit.</strong></span> <span class='ocrx_word' id='word_1_5' title='bbox 1685 292 1946 376; x_wconf 86' lang='lat' dir='ltr'><strong>Vicini</strong></span> <span class='ocrx_word' id='word_1_6' title='bbox 1996 316 2187 374; x_wconf 80' lang='lat' dir='ltr'><strong>vero</strong></span> <span class='ocrx_word' id='word_1_7' title='bbox 2248 294 2465 372; x_wconf 86' lang='lat' dir='ltr'><strong>illius</strong></span> <span class='ocrx_word' id='word_1_8' title='bbox 2516 290 2620 372; x_wconf 88' lang='lat' dir='ltr'><strong>de</strong></span> <span class='ocrx_word' id='word_1_9' title='bbox 2668 315 2767 371; x_wconf 90' lang='lat' dir='ltr'><strong>eo</strong></span> <span class='ocrx_word' id='word_1_10' title='bbox 2815 290 3002 372; x_wconf 87' lang='lat' dir='ltr'><strong>talia</strong></span> <span class='ocrx_word' id='word_1_11' title='bbox 3051 284 3463 371; x_wconf 79' lang='lat' dir='ltr'><strong>audientes</strong></span> <span class='ocrx_word' id='word_1_12' title='bbox 3523 314 3694 372; x_wconf 88' lang='lat' dir='ltr'><strong>cre·</strong></span> 
     </span>
     <span class='ocr_line' id='line_1_3' title="bbox 585 407 3693 509; baseline -0.004 -15"><span class='ocrx_word' id='word_1_13' title='bbox 585 416 776 494; x_wconf 90' lang='lat' dir='ltr'><strong>dere</strong></span> <span class='ocrx_word' id='word_1_14' title='bbox 824 414 1279 501; x_wconf 89' lang='lat' dir='ltr'><strong>noluerunt,</strong></span> <span class='ocrx_word' id='word_1_15' title='bbox 1327 411 1472 488; x_wconf 90' lang='lat' dir='ltr'><strong>sed</strong></span> <span class='ocrx_word' id='word_1_16' title='bbox 1521 410 1725 486; x_wconf 87' lang='lat' dir='ltr'>nihil</span> <span class='ocrx_word' id='word_1_17' title='bbox 1775 409 1935 486; x_wconf 91' lang='lat' dir='ltr'><strong>hoc</strong></span> <span class='ocrx_word' id='word_1_18' title='bbox 1988 433 2155 487; x_wconf 90' lang='lat' dir='ltr'><strong>esse</strong></span> <span class='ocrx_word' id='word_1_19' title='bbox 2204 408 2593 487; x_wconf 83' lang='lat' dir='ltr'><strong>dixerunt.</strong></span> <span class='ocrx_word' id='word_1_20' title='bbox 2689 412 2760 488; x_wconf 82' lang='lat'><strong>3.</strong></span> <span class='ocrx_word' id='word_1_21' title='bbox 2813 408 2975 503; x_wconf 78' lang='lat' dir='ltr'><strong>Qui</strong></span> <span class='ocrx_word' id='word_1_22' title='bbox 3022 431 3212 486; x_wconf 80' lang='lat' dir='ltr'><strong>vero</strong></span> <span class='ocrx_word' id='word_1_23' title='bbox 3262 407 3693 509; x_wconf 90' lang='lat' dir='ltr'><strong>pecuniam</strong></span> 
     </span>
     <span class='ocr_line' id='line_1_4' title="bbox 583 520 3697 660; baseline -0.003 -54"><span class='ocrx_word' id='word_1_24' title='bbox 583 528 1040 660; x_wconf 73' lang='lat' dir='ltr'><strong>perdiderat</strong></span> <span class='ocrx_word' id='word_1_25' title='bbox 1081 548 1570 627; x_wconf 89' lang='lat' dir='ltr'><strong>unaquaque</strong></span> <span class='ocrx_word' id='word_1_26' title='bbox 1609 521 1749 598; x_wconf 77' lang='lat' dir='ltr'><strong>die</strong></span> <span class='ocrx_word' id='word_1_27' title='bbox 1781 521 1884 599; x_wconf 89' lang='lat' dir='ltr'><strong>ad</strong></span> <span class='ocrx_word' id='word_1_28' title='bbox 1925 522 2270 599; x_wconf 88' lang='lat' dir='ltr'><strong>domum</strong></span> <span class='ocrx_word' id='word_1_29' title='bbox 2316 522 2551 610; x_wconf 86' lang='lat' dir='ltr'><strong>illius,</strong></span> <span class='ocrx_word' id='word_1_30' title='bbox 2603 522 2744 622; x_wconf 88' lang='lat' dir='ltr'><strong>qui</strong></span> <span class='ocrx_word' id='word_1_31' title='bbox 2793 520 3084 619; x_wconf 84' lang='lat' dir='ltr'><strong>injuste</strong></span> <span class='ocrx_word' id='word_1_32' title='bbox 3121 522 3512 623; x_wconf 85' lang='lat' dir='ltr'><strong>retinebat</strong></span> <span class='ocrx_word' id='word_1_33' title='bbox 3556 544 3697 622; x_wconf 86' lang='lat' dir='ltr'><strong>pe·-</strong></span> 
     </span>
     <span class='ocr_line' id='line_1_5' title="bbox 585 634 3696 766; baseline -0.004 -46"><span class='ocrx_word' id='word_1_34' title='bbox 585 643 938 732; x_wconf 88' lang='lat' dir='ltr'><strong>cuniam,</strong></span> <span class='ocrx_word' id='word_1_35' title='bbox 994 641 1190 728; x_wconf 87' lang='lat' dir='ltr'><strong>ibat,</strong></span> <span class='ocrx_word' id='word_1_36' title='bbox 1252 635 1728 737; x_wconf 81' lang='lat' dir='ltr'><strong>blandisque</strong></span> <span class='ocrx_word' id='word_1_37' title='bbox 1789 637 2163 736; x_wconf 89' lang='lat' dir='ltr'><strong>precibus</strong></span> <span class='ocrx_word' id='word_1_38' title='bbox 2226 659 2414 713; x_wconf 90' lang='lat' dir='ltr'><strong>eum</strong></span> <span class='ocrx_word' id='word_1_39' title='bbox 2480 635 3050 766; x_wconf 83' lang='lat' dir='ltr'><strong>deprecabatur</strong></span> <span class='ocrx_word' id='word_1_40' title='bbox 3111 647 3207 709; x_wconf 89' lang='lat' dir='ltr'><strong>ut</strong></span> <span class='ocrx_word' id='word_1_41' title='bbox 3263 634 3696 748; x_wconf 88' lang='lat' dir='ltr'><strong>pecuniam</strong></span> 
     </span>
     <span class='ocr_line' id='line_1_6' title="bbox 584 746 3698 850; baseline -0.003 -17"><span class='ocrx_word' id='word_1_42' title='bbox 584 755 973 833; x_wconf 87' lang='lat' dir='ltr'><strong>redderet.</strong></span> <span class='ocrx_word' id='word_1_43' title='bbox 1074 749 1320 847; x_wconf 87' lang='lat' dir='ltr'><strong>Quod</strong></span> <span class='ocrx_word' id='word_1_44' title='bbox 1388 748 1768 849; x_wconf 82' lang='lat' dir='ltr'><strong>deceptor</strong></span> <span class='ocrx_word' id='word_1_45' title='bbox 1817 749 2151 827; x_wconf 89' lang='lat' dir='ltr'><strong>audiens</strong></span> <span class='ocrx_word' id='word_1_46' title='bbox 2223 749 2670 850; x_wconf 68' lang='lat' dir='ltr'><strong>increpavit</strong></span> <span class='ocrx_word' id='word_1_47' title='bbox 2723 772 2914 825; x_wconf 88' lang='lat' dir='ltr'><strong>eum</strong></span> <span class='ocrx_word' id='word_1_48' title='bbox 2979 746 3288 835; x_wconf 87' lang='lat' dir='ltr'><strong>dicens,</strong></span> <span class='ocrx_word' id='word_1_49' title='bbox 3363 771 3468 825; x_wconf 94' lang='lat' dir='ltr'><strong>ne</strong></span> <span class='ocrx_word' id='word_1_50' title='bbox 3540 747 3698 825; x_wconf 86' lang='lat' dir='ltr'><strong>tale</strong></span> 
     </span>
     <span class='ocr_line' id='line_1_7' title="bbox 587 848 3698 993; baseline -0.002 -49"><span class='ocrx_word' id='word_1_51' title='bbox 587 868 787 971; x_wconf 82' lang='lat' dir='ltr'><strong>quid</strong></span> <span class='ocrx_word' id='word_1_52' title='bbox 839 867 940 944; x_wconf 91' lang='lat' dir='ltr'><strong>de</strong></span> <span class='ocrx_word' id='word_1_53' title='bbox 991 889 1089 942; x_wconf 89' lang='lat' dir='ltr'><strong>eo</strong></span> <span class='ocrx_word' id='word_1_54' title='bbox 1144 848 1486 965; x_wconf 78' lang='lat' dir='ltr'><strong>amplius</strong></span> <span class='ocrx_word' id='word_1_55' title='bbox 1539 860 1851 952; x_wconf 87' lang='lat' dir='ltr'><strong>diceret,</strong></span> <span class='ocrx_word' id='word_1_56' title='bbox 1900 888 2049 939; x_wconf 90' lang='lat' dir='ltr'><strong>nec</strong></span> <span class='ocrx_word' id='word_1_57' title='bbox 2101 861 2203 940; x_wconf 88' lang='lat' dir='ltr'><strong>ad</strong></span> <span class='ocrx_word' id='word_1_58' title='bbox 2255 888 2443 940; x_wconf 90' lang='lat' dir='ltr'><strong>eum</strong></span> <span class='ocrx_word' id='word_1_59' title='bbox 2493 862 2813 939; x_wconf 84' lang='lat' dir='ltr'><strong>veniret.</strong></span> <span class='ocrx_word' id='word_1_60' title='bbox 2903 858 3164 993; x_wconf 32' lang='lat' dir='ltr'><strong>‘Quod</strong></span> <span class='ocrx_word' id='word_1_61' title='bbox 3222 860 3290 936; x_wconf 88' lang='lat' dir='ltr'><strong>si</strong></span> <span class='ocrx_word' id='word_1_62' title='bbox 3353 862 3698 964; x_wconf 80' lang='lat' dir='ltr'><strong>amplius</strong></span> 
     </span>
     <span class='ocr_line' id='line_1_8' title="bbox 588 974 3702 1091; baseline -0.002 -33"><span class='ocrx_word' id='word_1_63' title='bbox 588 980 876 1059; x_wconf 82' lang='lat' dir='ltr'><strong>faceret</strong></span> <span class='ocrx_word' id='word_1_64' title='bbox 923 1003 1226 1091; x_wconf 86' lang='lat' dir='ltr'><strong>poenas</strong></span> <span class='ocrx_word' id='word_1_65' title='bbox 1279 1001 1371 1053; x_wconf 83' lang='lat' dir='ltr'><strong>ex</strong></span> <span class='ocrx_word' id='word_1_66' title='bbox 1417 976 1706 1053; x_wconf 90' lang='lat' dir='ltr'><strong>merito</strong></span> <span class='ocrx_word' id='word_1_67' title='bbox 1760 977 2084 1053; x_wconf 89' lang='lat' dir='ltr'><strong>subiret.</strong></span> <span class='ocrx_word' id='word_1_68' title='bbox 2209 979 2280 1051; x_wconf 81' lang='lat'><strong>4.</strong></span> <span class='ocrx_word' id='word_1_69' title='bbox 2343 974 2696 1063; x_wconf 79' lang='lat' dir='ltr'><strong>Auditis</strong></span> <span class='ocrx_word' id='word_1_70' title='bbox 2719 974 2964 1050; x_wconf 86' lang='lat' dir='ltr'><strong>minis</strong></span> <span class='ocrx_word' id='word_1_71' title='bbox 3024 974 3237 1050; x_wconf 82' lang='lat' dir='ltr'><strong>illius</strong></span> <span class='ocrx_word' id='word_1_72' title='bbox 3303 976 3445 1077; x_wconf 88' lang='lat' dir='ltr'><strong>qui</strong></span> <span class='ocrx_word' id='word_1_73' title='bbox 3505 998 3702 1052; x_wconf 87' lang='lat' dir='ltr'><strong>eum</strong></span> 
     </span>
     <span class='ocr_line' id='line_1_9' title="bbox 588 1086 3702 1194; baseline -0.002 -23"><span class='ocrx_word' id='word_1_74' title='bbox 588 1094 1024 1194; x_wconf 81' lang='lat' dir='ltr'><strong>deceperat,</strong></span> <span class='ocrx_word' id='word_1_75' title='bbox 1073 1091 1312 1166; x_wconf 72' lang='lat' dir='ltr'><strong>tristis</strong></span> <span class='ocrx_word' id='word_1_76' title='bbox 1364 1089 1628 1189; x_wconf 89' lang='lat' dir='ltr'><strong>coepit</strong></span> <span class='ocrx_word' id='word_1_77' title='bbox 1675 1090 1923 1177; x_wconf 87' lang='lat' dir='ltr'><strong>abire,</strong></span> <span class='ocrx_word' id='word_1_78' title='bbox 1977 1103 2056 1166; x_wconf 91' lang='lat' dir='ltr'><strong>et</strong></span> <span class='ocrx_word' id='word_1_79' title='bbox 2099 1088 2186 1164; x_wconf 93' lang='lat' dir='ltr'><strong>in</strong></span> <span class='ocrx_word' id='word_1_80' title='bbox 2234 1086 2658 1166; x_wconf 88' lang='lat' dir='ltr'><strong>redeundo</strong></span> <span class='ocrx_word' id='word_1_81' title='bbox 2711 1088 3059 1164; x_wconf 78' lang='lat' dir='ltr'><strong>obviavit</strong></span> <span class='ocrx_word' id='word_1_82' title='bbox 3107 1086 3430 1165; x_wconf 87' lang='lat' dir='ltr'><strong>cuidam</strong></span> <span class='ocrx_word' id='word_1_83' title='bbox 3478 1103 3702 1166; x_wconf 80' lang='lat' dir='ltr'><strong>vetu-</strong></span> 
     </span>
     <span class='ocr_line' id='line_1_10' title="bbox 586 1199 3701 1303; baseline -0.003 -17"><span class='ocrx_word' id='word_1_84' title='bbox 586 1208 710 1285; x_wconf 86' lang='lat' dir='ltr'><strong>lae</strong></span> <span class='ocrx_word' id='word_1_85' title='bbox 761 1204 1296 1283; x_wconf 86' lang='lat' dir='ltr'><strong>eremitalibus</strong></span> <span class='ocrx_word' id='word_1_86' title='bbox 1342 1202 1626 1303; x_wconf 89' lang='lat' dir='ltr'><strong>pannis</strong></span> <span class='ocrx_word' id='word_1_87' title='bbox 1676 1202 2026 1279; x_wconf 89' lang='lat' dir='ltr'><strong>indutae.</strong></span> <span class='ocrx_word' id='word_1_88' title='bbox 2163 1206 2375 1278; x_wconf 89' lang='lat' dir='ltr'><strong>Haec</strong></span> <span class='ocrx_word' id='word_1_89' title='bbox 2437 1216 2705 1279; x_wconf 90' lang='lat' dir='ltr'><strong>autem</strong></span> <span class='ocrx_word' id='word_1_90' title='bbox 2766 1202 3059 1279; x_wconf 89' lang='lat' dir='ltr'><strong>baculo</strong></span> <span class='ocrx_word' id='word_1_91' title='bbox 3123 1199 3435 1299; x_wconf 78' lang='lat' dir='ltr'><strong>fragiles</strong></span> <span class='ocrx_word' id='word_1_92' title='bbox 3485 1216 3701 1278; x_wconf 80' lang='lat' dir='ltr'><strong>artus</strong></span> 
     </span>
     <span class='ocr_line' id='line_1_11' title="bbox 591 1314 3707 1417; baseline -0.002 -20"><span class='ocrx_word' id='word_1_93' title='bbox 591 1319 1103 1407; x_wconf 86' lang='lat' dir='ltr'><strong>sustentabat,</strong></span> <span class='ocrx_word' id='word_1_94' title='bbox 1168 1330 1245 1394; x_wconf 88' lang='lat' dir='ltr'><strong>et</strong></span> <span class='ocrx_word' id='word_1_95' title='bbox 1291 1340 1437 1417; x_wconf 90' lang='lat' dir='ltr'><strong>per</strong></span> <span class='ocrx_word' id='word_1_96' title='bbox 1483 1316 1728 1406; x_wconf 78' lang='lat' dir='ltr'><strong>viam,</strong></span> <span class='ocrx_word' id='word_1_97' title='bbox 1775 1315 2184 1394; x_wconf 86' lang='lat' dir='ltr'><strong>laudando</strong></span> <span class='ocrx_word' id='word_1_98' title='bbox 2223 1318 2522 1403; x_wconf 90' lang='lat' dir='ltr'><strong>Deum,</strong></span> <span class='ocrx_word' id='word_1_99' title='bbox 2582 1314 2920 1417; x_wconf 78' lang='lat' dir='ltr'><strong>lapideS,</strong></span> <span class='ocrx_word' id='word_1_100' title='bbox 2965 1339 3070 1392; x_wconf 91' lang='lat' dir='ltr'><strong>ne</strong></span> <span class='ocrx_word' id='word_1_101' title='bbox 3117 1315 3707 1397; x_wconf 78' lang='lat' dir='ltr'><strong>transeuntium</strong></span> 
     </span>
     <span class='ocr_line' id='line_1_12' title="bbox 589 1418 3704 1537; baseline -0.001 -27"><span class='ocrx_word' id='word_1_102' title='bbox 589 1433 839 1537; x_wconf 84' lang='lat' dir='ltr'><strong>pedes</strong></span> <span class='ocrx_word' id='word_1_103' title='bbox 881 1432 1402 1519; x_wconf 83' lang='lat' dir='ltr'><strong>laederentur,</strong></span> <span class='ocrx_word' id='word_1_104' title='bbox 1449 1429 1774 1508; x_wconf 87' lang='lat' dir='ltr'><strong>levabat.</strong></span> <span class='ocrx_word' id='word_1_105' title='bbox 1879 1436 2107 1525; x_wconf 85' lang='lat' dir='ltr'><strong>Quae</strong></span> <span class='ocrx_word' id='word_1_106' title='bbox 2153 1428 2432 1504; x_wconf 85' lang='lat' dir='ltr'><strong>videns</strong></span> <span class='ocrx_word' id='word_1_107' title='bbox 2477 1428 2905 1507; x_wconf 88' lang='lat' dir='ltr'><strong>hominem</strong></span> <span class='ocrx_word' id='word_1_108' title='bbox 2964 1418 3326 1517; x_wconf 88' lang='lat' dir='ltr'><strong>flentem,</strong></span> <span class='ocrx_word' id='word_1_109' title='bbox 3397 1452 3704 1528; x_wconf 83' lang='lat' dir='ltr'><strong>cogno·</strong></span> 
     </span>
     <span class='ocr_line' id='line_1_13' title="bbox 587 1543 3705 1644; baseline -0.001 -21"><span class='ocrx_word' id='word_1_110' title='bbox 587 1548 704 1624; x_wconf 85' lang='lat' dir='ltr'><strong>vit</strong></span> <span class='ocrx_word' id='word_1_111' title='bbox 750 1571 939 1623; x_wconf 91' lang='lat' dir='ltr'><strong>eum</strong></span> <span class='ocrx_word' id='word_1_112' title='bbox 990 1568 1159 1621; x_wconf 90' lang='lat' dir='ltr'><strong>esse</strong></span> <span class='ocrx_word' id='word_1_113' title='bbox 1224 1558 1701 1643; x_wconf 81' lang='lat' dir='ltr'><strong>extraneum.</strong></span> <span class='ocrx_word' id='word_1_114' title='bbox 1843 1545 2274 1621; x_wconf 87' lang='lat' dir='ltr'><strong>Commota</strong></span> <span class='ocrx_word' id='word_1_115' title='bbox 2356 1543 2643 1644; x_wconf 88' lang='lat' dir='ltr'><strong>pietate</strong></span> <span class='ocrx_word' id='word_1_116' title='bbox 2707 1545 2793 1620; x_wconf 93' lang='lat' dir='ltr'><strong>in</strong></span> <span class='ocrx_word' id='word_1_117' title='bbox 2892 1543 3410 1644; x_wconf 83' lang='lat' dir='ltr'><strong>angiportum</strong></span> <span class='ocrx_word' id='word_1_118' title='bbox 3469 1567 3705 1620; x_wconf 80' lang='lat' dir='ltr'><strong>voca-</strong></span> 
     </span>
     <span class='ocr_line' id='line_1_14' title="bbox 591 1654 3708 1760; baseline -0.001 -23"><span class='ocrx_word' id='word_1_119' title='bbox 591 1661 732 1749; x_wconf 81' lang='lat' dir='ltr'><strong>vit,</strong></span> <span class='ocrx_word' id='word_1_120' title='bbox 812 1674 888 1736; x_wconf 90' lang='lat' dir='ltr'><strong>et</strong></span> <span class='ocrx_word' id='word_1_121' title='bbox 964 1656 1164 1760; x_wconf 90' lang='lat' dir='ltr'><strong>quid</strong></span> <span class='ocrx_word' id='word_1_122' title='bbox 1242 1658 1314 1734; x_wconf 90' lang='lat' dir='ltr'><strong>ei</strong></span> <span class='ocrx_word' id='word_1_123' title='bbox 1395 1657 1804 1733; x_wconf 86' lang='lat' dir='ltr'><strong>accidisset</strong></span> <span class='ocrx_word' id='word_1_124' title='bbox 1856 1655 2389 1754; x_wconf 79' lang='lat' dir='ltr'><strong>interrogavit.</strong></span> <span class='ocrx_word' id='word_1_125' title='bbox 2523 1659 2623 1733; x_wconf 88' lang='lat' dir='ltr'><strong>At</strong></span> <span class='ocrx_word' id='word_1_126' title='bbox 2685 1655 2831 1732; x_wconf 82' lang='lat' dir='ltr'><strong>ille</strong></span> <span class='ocrx_word' id='word_1_127' title='bbox 2910 1655 3278 1733; x_wconf 87' lang='lat' dir='ltr'><strong>ordinate</strong></span> <span class='ocrx_word' id='word_1_128' title='bbox 3346 1654 3708 1734; x_wconf 78' lang='lat' dir='ltr'><strong>narravit.</strong></span> 
     </span>
     <span class='ocr_line' id='line_1_15' title="bbox 588 1768 3712 1873; baseline 0 -24"><span class='ocrx_word' id='word_1_129' title='bbox 588 1772 1042 1850; x_wconf 80' lang='lat' dir='ltr'><strong>5.·Femina</strong></span> <span class='ocrx_word' id='word_1_130' title='bbox 1089 1790 1281 1846; x_wconf 81' lang='lat' dir='ltr'><strong>vero</strong></span> <span class='ocrx_word' id='word_1_131' title='bbox 1336 1770 1626 1846; x_wconf 83' lang='lat' dir='ltr'><strong>auditis</strong></span> <span class='ocrx_word' id='word_1_132' title='bbox 1676 1771 1889 1847; x_wconf 88' lang='lat' dir='ltr'><strong>illius</strong></span> <span class='ocrx_word' id='word_1_133' title='bbox 1938 1770 2198 1846; x_wconf 86' lang='lat' dir='ltr'><strong>verbis</strong></span> <span class='ocrx_word' id='word_1_134' title='bbox 2244 1769 2541 1870; x_wconf 83' lang='lat' dir='ltr'><strong>inquit:</strong></span> <span class='ocrx_word' id='word_1_135' title='bbox 2590 1770 2885 1857; x_wconf 87' lang='lat' dir='ltr'><strong>Amice,</strong></span> <span class='ocrx_word' id='word_1_136' title='bbox 2933 1768 3000 1845; x_wconf 89' lang='lat' dir='ltr'><strong>si</strong></span> <span class='ocrx_word' id='word_1_137' title='bbox 3033 1793 3217 1846; x_wconf 87' lang='lat' dir='ltr'><strong>vera</strong></span> <span class='ocrx_word' id='word_1_138' title='bbox 3264 1784 3452 1848; x_wconf 88' lang='lat' dir='ltr'><strong>sunt</strong></span> <span class='ocrx_word' id='word_1_139' title='bbox 3501 1794 3712 1873; x_wconf 88' lang='lat' dir='ltr'><strong>quae</strong></span> 
     </span>
    </p>
   </div>
   <div class='ocr_carea' id='block_1_3' title="bbox 491 1876 3794 2098">
    <p class='ocr_par' dir='ltr' id='par_1_3' title="bbox 491 1876 3794 2098">
     <span class='ocr_line' id='line_1_16' title="bbox 546 1876 3794 1985; baseline -0 -23"><span class='ocrx_word' id='word_1_140' title='bbox 546 1886 923 1982; x_wconf 67' lang='lat' dir='ltr'><strong>,retulisti</strong></span> <span class='ocrx_word' id='word_1_141' title='bbox 972 1884 1228 1960; x_wconf 88' lang='lat' dir='ltr'><strong>feram</strong></span> <span class='ocrx_word' id='word_1_142' title='bbox 1273 1882 1469 1960; x_wconf 91' lang='lat' dir='ltr'><strong>inde</strong></span> <span class='ocrx_word' id='word_1_143' title='bbox 1521 1884 1666 1959; x_wconf 89' lang='lat' dir='ltr'><strong>tibi</strong></span> <span class='ocrx_word' id='word_1_144' title='bbox 1721 1882 2124 1959; x_wconf 80' lang='lat' dir='ltr'><strong>auxilium.</strong></span> <span class='ocrx_word' id='word_1_145' title='bbox 2222 1884 2325 1958; x_wconf 88' lang='lat' dir='ltr'><strong>Et</strong></span> <span class='ocrx_word' id='word_1_146' title='bbox 2370 1882 2532 1959; x_wconf 85' lang='lat' dir='ltr'><strong>ille:</strong></span> <span class='ocrx_word' id='word_1_147' title='bbox 2600 1882 3046 1978; x_wconf 82' lang='lat' dir='ltr'><strong>Quomodo</strong></span> <span class='ocrx_word' id='word_1_148' title='bbox 3075 1876 3328 1985; x_wconf 40' lang='lat' dir='ltr'><strong>‘potes</strong></span> <span class='ocrx_word' id='word_1_149' title='bbox 3378 1883 3541 1961; x_wconf 89' lang='lat' dir='ltr'><strong>hoc</strong></span> <span class='ocrx_word' id='word_1_150' title='bbox 3588 1883 3702 1961; x_wconf 82' lang='lat' dir='ltr'><strong>fa-</strong></span> <span class='ocrx_word' id='word_1_151' title='bbox 3785 1968 3794 1975; x_wconf 57' lang='grc'>,</span> 
     </span>
     <span class='ocr_line' id='line_1_17' title="bbox 491 1993 3704 2098; baseline 0 -23"><span class='ocrx_word' id='word_1_152' title='bbox 491 2080 501 2098; x_wconf 23' lang='lat'>⁸</span> <span class='ocrx_word' id='word_1_153' title='bbox 593 2022 789 2087; x_wconf 89' lang='lat' dir='ltr'><strong>cere,</strong></span> <span class='ocrx_word' id='word_1_154' title='bbox 840 1998 1116 2074; x_wconf 86' lang='lat' dir='ltr'><strong>ancilla</strong></span> <span class='ocrx_word' id='word_1_155' title='bbox 1165 1996 1361 2072; x_wconf 80' lang='lat' dir='ltr'><strong>Dei?</strong></span> <span class='ocrx_word' id='word_1_156' title='bbox 1410 2039 1505 2055; x_wconf 90' lang='lat'><strong>-—·</strong></span> <span class='ocrx_word' id='word_1_157' title='bbox 1554 2001 1655 2074; x_wconf 90' lang='lat' dir='ltr'><strong>At</strong></span> <span class='ocrx_word' id='word_1_158' title='bbox 1701 1996 1834 2072; x_wconf 90' lang='lat' dir='ltr'><strong>illa</strong></span> <span class='ocrx_word' id='word_1_159' title='bbox 1884 1996 2173 2096; x_wconf 87' lang='lat' dir='ltr'><strong>inquit:</strong></span> <span class='ocrx_word' id='word_1_160' title='bbox 2233 1993 2523 2072; x_wconf 90' lang='lat' dir='ltr'><strong>Adduc</strong></span> <span class='ocrx_word' id='word_1_161' title='bbox 2586 1997 2789 2072; x_wconf 88' lang='lat' dir='ltr'><strong>mihi</strong></span> <span class='ocrx_word' id='word_1_162' title='bbox 2854 1996 3281 2073; x_wconf 88' lang='lat' dir='ltr'><strong>hominem</strong></span> <span class='ocrx_word' id='word_1_163' title='bbox 3343 1996 3447 2074; x_wconf 89' lang='lat' dir='ltr'><strong>de</strong></span> <span class='ocrx_word' id='word_1_164' title='bbox 3493 2011 3704 2077; x_wconf 87' lang='lat' dir='ltr'><strong>terra</strong></span> 
     </span>
    </p>
   </div>
   <div class='ocr_carea' id='block_1_4' title="bbox 589 2107 3718 3687">
    <p class='ocr_par' dir='ltr' id='par_1_4' title="bbox 589 2107 3718 3687">
     <span class='ocr_line' id='line_1_18' title="bbox 589 2107 3697 2211; baseline -0 -22"><span class='ocrx_word' id='word_1_165' title='bbox 589 2128 757 2202; x_wconf 87' lang='lat' dir='ltr'><strong>tua,</strong></span> <span class='ocrx_word' id='word_1_166' title='bbox 836 2108 1059 2208; x_wconf 81' lang='lat' dir='ltr'><strong>eujus</strong></span> <span class='ocrx_word' id='word_1_167' title='bbox 1118 2109 1344 2185; x_wconf 85' lang='lat' dir='ltr'><strong>factis</strong></span> <span class='ocrx_word' id='word_1_168' title='bbox 1408 2125 1486 2186; x_wconf 89' lang='lat' dir='ltr'><strong>et</strong></span> <span class='ocrx_word' id='word_1_169' title='bbox 1552 2109 1778 2187; x_wconf 91' lang='lat' dir='ltr'><strong>dictis</strong></span> <span class='ocrx_word' id='word_1_170' title='bbox 1845 2108 2100 2193; x_wconf 83' lang='lat' dir='ltr'><strong>fidem</strong></span> <span class='ocrx_word' id='word_1_171' title='bbox 2161 2107 2458 2186; x_wconf 86' lang='lat' dir='ltr'><strong>hahere</strong></span> <span class='ocrx_word' id='word_1_172' title='bbox 2519 2111 2798 2211; x_wconf 88' lang='lat' dir='ltr'><strong>possis.</strong></span> <span class='ocrx_word' id='word_1_173' title='bbox 2847 2150 2950 2166; x_wconf 90' lang='lat'><strong>-·</strong></span> <span class='ocrx_word' id='word_1_174' title='bbox 3008 2108 3304 2188; x_wconf 80' lang='lat' dir='ltr'><strong>At&#39;ille</strong></span> <span class='ocrx_word' id='word_1_175' title='bbox 3355 2110 3697 2188; x_wconf 84' lang='lat' dir='ltr'><strong>adduxit.</strong></span> 
     </span>
     <span class='ocr_line' id='line_1_19' title="bbox 590 2220 3700 2326; baseline -0 -23"><span class='ocrx_word' id='word_1_176' title='bbox 590 2225 905 2304; x_wconf 88' lang='lat' dir='ltr'><strong>Deinde</strong></span> <span class='ocrx_word' id='word_1_177' title='bbox 968 2221 1273 2325; x_wconf 89' lang='lat' dir='ltr'><strong>decepti</strong></span> <span class='ocrx_word' id='word_1_178' title='bbox 1340 2223 1559 2300; x_wconf 91' lang='lat' dir='ltr'><strong>socio</strong></span> <span class='ocrx_word' id='word_1_179' title='bbox 1626 2223 2026 2324; x_wconf 88' lang='lat' dir='ltr'><strong>praecepit</strong></span> <span class='ocrx_word' id='word_1_180' title='bbox 2089 2220 2369 2297; x_wconf 89' lang='lat' dir='ltr'><strong>decem</strong></span> <span class='ocrx_word' id='word_1_181' title='bbox 2449 2224 2847 2325; x_wconf 88' lang='lat' dir='ltr'><strong>cophinos</strong></span> <span class='ocrx_word' id='word_1_182' title='bbox 2915 2224 3251 2303; x_wconf 87' lang='lat' dir='ltr'><strong>exterius</strong></span> <span class='ocrx_word' id='word_1_183' title='bbox 3330 2224 3700 2326; x_wconf 86' lang='lat' dir='ltr'><strong>pretiosis</strong></span> 
     </span>
     <span class='ocr_line' id='line_1_20' title="bbox 595 2329 3703 2443; baseline -0.001 -24"><span class='ocrx_word' id='word_1_184' title='bbox 595 2341 955 2443; x_wconf 85' lang='lat' dir='ltr'><strong>depictos</strong></span> <span class='ocrx_word' id='word_1_185' title='bbox 1007 2335 1414 2412; x_wconf 88' lang='lat' dir='ltr'><strong>coloribus</strong></span> <span class='ocrx_word' id='word_1_186' title='bbox 1480 2352 1719 2440; x_wconf 89' lang='lat' dir='ltr'><strong>atque</strong></span> <span class='ocrx_word' id='word_1_187' title='bbox 1765 2329 1979 2413; x_wconf 77' lang='lat' dir='ltr'><strong>ferro</strong></span> <span class='ocrx_word' id='word_1_188' title='bbox 2037 2333 2542 2431; x_wconf 84' lang='lat' dir='ltr'><strong>deargentato</strong></span> <span class='ocrx_word' id='word_1_189' title='bbox 2607 2333 2890 2434; x_wconf 72' lang='lat' dir='ltr'><strong>ligatos</strong></span> <span class='ocrx_word' id='word_1_190' title='bbox 2951 2363 3141 2415; x_wconf 88' lang='lat' dir='ltr'><strong>cum</strong></span> <span class='ocrx_word' id='word_1_191' title='bbox 3204 2338 3442 2416; x_wconf 88' lang='lat' dir='ltr'><strong>bonis</strong></span> <span class='ocrx_word' id='word_1_192' title='bbox 3508 2340 3703 2417; x_wconf 85' lang='lat' dir='ltr'><strong>seris</strong></span> 
     </span>
     <span class='ocr_line' id='line_1_21' title="bbox 595 2445 3703 2566; baseline -0.001 -34"><span class='ocrx_word' id='word_1_193' title='bbox 595 2477 889 2541; x_wconf 85' lang='lat' dir='ltr'><strong>emere,</strong></span> <span class='ocrx_word' id='word_1_194' title='bbox 950 2462 1032 2527; x_wconf 89' lang='lat' dir='ltr'><strong>et</strong></span> <span class='ocrx_word' id='word_1_195' title='bbox 1081 2448 1183 2524; x_wconf 89' lang='lat' dir='ltr'><strong>ad</strong></span> <span class='ocrx_word' id='word_1_196' title='bbox 1248 2448 1596 2527; x_wconf 88' lang='lat' dir='ltr'><strong>domum</strong></span> <span class='ocrx_word' id='word_1_197' title='bbox 1647 2451 1772 2527; x_wconf 86' lang='lat' dir='ltr'><strong>sui</strong></span> <span class='ocrx_word' id='word_1_198' title='bbox 1820 2448 2160 2550; x_wconf 89' lang='lat' dir='ltr'><strong>hospitis</strong></span> <span class='ocrx_word' id='word_1_199' title='bbox 2212 2445 2489 2538; x_wconf 84' lang='lat' dir='ltr'><strong>affere,</strong></span> <span class='ocrx_word' id='word_1_200' title='bbox 2551 2448 3117 2566; x_wconf 87' lang='lat' dir='ltr'><strong>lapidibusque</strong></span> <span class='ocrx_word' id='word_1_201' title='bbox 3169 2449 3703 2530; x_wconf 88' lang='lat' dir='ltr'><strong>comminutis</strong></span> 
     </span>
     <span class='ocr_line' id='line_1_22' title="bbox 589 2560 3705 2668; baseline -0 -23"><span class='ocrx_word' id='word_1_202' title='bbox 589 2564 945 2667; x_wconf 83' lang='lat' dir='ltr'><strong>implere.</strong></span> <span class='ocrx_word' id='word_1_203' title='bbox 1058 2564 1160 2640; x_wconf 90' lang='lat' dir='ltr'><strong>At</strong></span> <span class='ocrx_word' id='word_1_204' title='bbox 1230 2563 1401 2664; x_wconf 90' lang='lat' dir='ltr'><strong>ipse</strong></span> <span class='ocrx_word' id='word_1_205' title='bbox 1473 2563 1582 2639; x_wconf 90' lang='lat' dir='ltr'><strong>ita</strong></span> <span class='ocrx_word' id='word_1_206' title='bbox 1657 2564 1831 2662; x_wconf 82' lang='lat' dir='ltr'><strong>egit.</strong></span> <span class='ocrx_word' id='word_1_207' title='bbox 1929 2565 1995 2637; x_wconf 80' lang='lat'><strong>6.</strong></span> <span class='ocrx_word' id='word_1_208' title='bbox 2085 2560 2376 2640; x_wconf 84' lang='lat' dir='ltr'><strong>Mulier</strong></span> <span class='ocrx_word' id='word_1_209' title='bbox 2433 2586 2664 2653; x_wconf 80' lang='lat' dir='ltr'><strong>ver0,</strong></span> <span class='ocrx_word' id='word_1_210' title='bbox 2739 2578 2832 2640; x_wconf 89' lang='lat' dir='ltr'><strong>ut</strong></span> <span class='ocrx_word' id='word_1_211' title='bbox 2890 2563 3091 2641; x_wconf 64' lang='lat' dir='ltr'><strong>vidit</strong></span> <span class='ocrx_word' id='word_1_212' title='bbox 3159 2566 3430 2644; x_wconf 87' lang='lat' dir='ltr'><strong>omnia</strong></span> <span class='ocrx_word' id='word_1_213' title='bbox 3497 2591 3705 2668; x_wconf 87' lang='lat' dir='ltr'><strong>quae</strong></span> 
     </span>
     <span class='ocr_line' id='line_1_23' title="bbox 590 2675 3704 2784; baseline 0 -28"><span class='ocrx_word' id='word_1_214' title='bbox 590 2689 1096 2784; x_wconf 83' lang='lat' dir='ltr'><strong>praeceperat</strong></span> <span class='ocrx_word' id='word_1_215' title='bbox 1157 2699 1323 2752; x_wconf 89' lang='lat' dir='ltr'><strong>esse</strong></span> <span class='ocrx_word' id='word_1_216' title='bbox 1383 2692 1682 2777; x_wconf 87' lang='lat' dir='ltr'><strong>parata,</strong></span> <span class='ocrx_word' id='word_1_217' title='bbox 1758 2678 1891 2754; x_wconf 88' lang='lat' dir='ltr'><strong>ait:</strong></span> <span class='ocrx_word' id='word_1_218' title='bbox 1965 2680 2204 2753; x_wconf 89' lang='lat' dir='ltr'><strong>Nunc</strong></span> <span class='ocrx_word' id='word_1_219' title='bbox 2272 2675 2550 2753; x_wconf 90' lang='lat' dir='ltr'><strong>decem</strong></span> <span class='ocrx_word' id='word_1_220' title='bbox 2624 2676 2997 2755; x_wconf 86' lang='lat' dir='ltr'><strong>homines</strong></span> <span class='ocrx_word' id='word_1_221' title='bbox 3075 2680 3487 2782; x_wconf 86' lang='lat' dir='ltr'><strong>perquire,</strong></span> <span class='ocrx_word' id='word_1_222' title='bbox 3563 2679 3704 2781; x_wconf 90' lang='lat' dir='ltr'><strong>qui</strong></span> 
     </span>
     <span class='ocr_line' id='line_1_24' title="bbox 597 2787 3705 2893; baseline 0 -23"><span class='ocrx_word' id='word_1_223' title='bbox 597 2805 874 2870; x_wconf 88' lang='lat' dir='ltr'><strong>euntes</strong></span> <span class='ocrx_word' id='word_1_224' title='bbox 924 2787 1023 2866; x_wconf 88' lang='lat' dir='ltr'><strong>ad</strong></span> <span class='ocrx_word' id='word_1_225' title='bbox 1078 2787 1421 2864; x_wconf 90' lang='lat' dir='ltr'><strong>domum</strong></span> <span class='ocrx_word' id='word_1_226' title='bbox 1472 2791 1685 2867; x_wconf 89' lang='lat' dir='ltr'><strong>illius</strong></span> <span class='ocrx_word' id='word_1_227' title='bbox 1737 2789 1876 2893; x_wconf 90' lang='lat' dir='ltr'><strong>qui</strong></span> <span class='ocrx_word' id='word_1_228' title='bbox 1929 2788 2346 2892; x_wconf 89' lang='lat' dir='ltr'><strong>deceperat</strong></span> <span class='ocrx_word' id='word_1_229' title='bbox 2393 2804 2489 2879; x_wconf 91' lang='lat' dir='ltr'><strong>te,</strong></span> <span class='ocrx_word' id='word_1_230' title='bbox 2539 2815 2866 2878; x_wconf 85' lang='lat' dir='ltr'><strong>mecum</strong></span> <span class='ocrx_word' id='word_1_231' title='bbox 2917 2804 2995 2866; x_wconf 91' lang='lat' dir='ltr'><strong>et</strong></span> <span class='ocrx_word' id='word_1_232' title='bbox 3044 2815 3232 2866; x_wconf 90' lang='lat' dir='ltr'><strong>cum</strong></span> <span class='ocrx_word' id='word_1_233' title='bbox 3281 2792 3504 2867; x_wconf 88' lang='lat' dir='ltr'><strong>socio</strong></span> <span class='ocrx_word' id='word_1_234' title='bbox 3557 2807 3705 2871; x_wconf 89' lang='lat' dir='ltr'><strong>tuo</strong></span> 
     </span>
     <span class='ocr_line' id='line_1_25' title="bbox 597 2900 3709 3007; baseline -0.001 -23"><span class='ocrx_word' id='word_1_235' title='bbox 597 2904 956 2985; x_wconf 88' lang='lat' dir='ltr'><strong>deferant</strong></span> <span class='ocrx_word' id='word_1_236' title='bbox 1003 2900 1355 2991; x_wconf 80' lang='lat' dir='ltr'><strong>scrinioS,</strong></span> <span class='ocrx_word' id='word_1_237' title='bbox 1404 2929 1620 2982; x_wconf 88' lang='lat' dir='ltr'><strong>unus</strong></span> <span class='ocrx_word' id='word_1_238' title='bbox 1669 2919 1854 3007; x_wconf 90' lang='lat' dir='ltr'><strong>post</strong></span> <span class='ocrx_word' id='word_1_239' title='bbox 1901 2904 2168 2993; x_wconf 88' lang='lat' dir='ltr'><strong>alium,</strong></span> <span class='ocrx_word' id='word_1_240' title='bbox 2217 2904 2620 2981; x_wconf 80' lang='lat' dir='ltr'><strong>venientes</strong></span> <span class='ocrx_word' id='word_1_241' title='bbox 2660 2903 2948 2980; x_wconf 90' lang='lat' dir='ltr'><strong>ordine</strong></span> <span class='ocrx_word' id='word_1_242' title='bbox 2979 2903 3250 3003; x_wconf 88' lang='lat' dir='ltr'><strong>longo.</strong></span> <span class='ocrx_word' id='word_1_243' title='bbox 3323 2906 3427 2980; x_wconf 88' lang='lat' dir='ltr'><strong>Et</strong></span> <span class='ocrx_word' id='word_1_244' title='bbox 3459 2928 3709 3005; x_wconf 89' lang='lat' dir='ltr'><strong>quam</strong></span> 
     </span>
     <span class='ocr_line' id='line_1_26' title="bbox 597 3014 3714 3125; baseline -0 -27"><span class='ocrx_word' id='word_1_245' title='bbox 597 3022 753 3100; x_wconf 87' lang='lat' dir='ltr'><strong>cito</strong></span> <span class='ocrx_word' id='word_1_246' title='bbox 807 3019 1118 3121; x_wconf 87' lang='lat' dir='ltr'><strong>primus</strong></span> <span class='ocrx_word' id='word_1_247' title='bbox 1166 3017 1478 3124; x_wconf 71' lang='lat' dir='ltr'><strong>venerit</strong></span> <span class='ocrx_word' id='word_1_248' title='bbox 1518 3020 1615 3094; x_wconf 90' lang='lat' dir='ltr'><strong>ad</strong></span> <span class='ocrx_word' id='word_1_249' title='bbox 1672 3020 2018 3125; x_wconf 82' lang='lat' dir='ltr'><strong>domum</strong></span> <span class='ocrx_word' id='word_1_250' title='bbox 2066 3018 2425 3095; x_wconf 89' lang='lat' dir='ltr'><strong>hominis</strong></span> <span class='ocrx_word' id='word_1_251' title='bbox 2476 3018 2618 3120; x_wconf 76' lang='lat' dir='ltr'><strong>qui</strong></span> <span class='ocrx_word' id='word_1_252' title='bbox 2670 3031 2749 3093; x_wconf 90' lang='lat' dir='ltr'><strong>te</strong></span> <span class='ocrx_word' id='word_1_253' title='bbox 2784 3014 3095 3119; x_wconf 91' lang='lat' dir='ltr'><strong>decepit</strong></span> <span class='ocrx_word' id='word_1_254' title='bbox 3140 3030 3222 3094; x_wconf 89' lang='lat' dir='ltr'><strong>et</strong></span> <span class='ocrx_word' id='word_1_255' title='bbox 3268 3016 3714 3120; x_wconf 86' lang='lat' dir='ltr'><strong>requiescet</strong></span> 
     </span>
     <span class='ocr_line' id='line_1_27' title="bbox 594 3129 3710 3232; baseline 0 -23"><span class='ocrx_word' id='word_1_256' title='bbox 594 3133 729 3220; x_wconf 77' lang='lat' dir='ltr'><strong>ibi,</strong></span> <span class='ocrx_word' id='word_1_257' title='bbox 775 3132 958 3209; x_wconf 81' lang='lat' dir='ltr'><strong>veni</strong></span> <span class='ocrx_word' id='word_1_258' title='bbox 1009 3145 1086 3206; x_wconf 91' lang='lat' dir='ltr'><strong>et</strong></span> <span class='ocrx_word' id='word_1_259' title='bbox 1133 3144 1242 3218; x_wconf 87' lang='lat' dir='ltr'><strong>tu,</strong></span> <span class='ocrx_word' id='word_1_260' title='bbox 1297 3144 1375 3205; x_wconf 89' lang='lat' dir='ltr'><strong>et</strong></span> <span class='ocrx_word' id='word_1_261' title='bbox 1421 3153 1613 3227; x_wconf 79' lang='lat' dir='ltr'><strong>roga</strong></span> <span class='ocrx_word' id='word_1_262' title='bbox 1664 3156 1814 3232; x_wconf 88' lang='lat' dir='ltr'><strong>pro</strong></span> <span class='ocrx_word' id='word_1_263' title='bbox 1864 3131 2206 3231; x_wconf 86' lang='lat' dir='ltr'><strong>pecunia</strong></span> <span class='ocrx_word' id='word_1_264' title='bbox 2255 3145 2410 3220; x_wconf 86' lang='lat' dir='ltr'><strong>tua,</strong></span> <span class='ocrx_word' id='word_1_265' title='bbox 2465 3145 2542 3208; x_wconf 86' lang='lat' dir='ltr'><strong>et</strong></span> <span class='ocrx_word' id='word_1_266' title='bbox 2588 3153 2736 3230; x_wconf 82' lang='lat' dir='ltr'><strong>ego</strong></span> <span class='ocrx_word' id='word_1_267' title='bbox 2788 3129 3188 3232; x_wconf 83' lang='lat' dir='ltr'><strong>promitto.</strong></span> <span class='ocrx_word' id='word_1_268' title='bbox 3231 3130 3504 3208; x_wconf 85' lang='lat' dir='ltr'><strong>tibi=in</strong></span> <span class='ocrx_word' id='word_1_269' title='bbox 3539 3132 3710 3209; x_wconf 66' lang='lat' dir='ltr'><strong>Do-</strong></span> 
     </span>
     <span class='ocr_line' id='line_1_28' title="bbox 594 3241 3717 3347; baseline 0.001 -27"><span class='ocrx_word' id='word_1_270' title='bbox 594 3246 845 3335; x_wconf 82' lang='lat' dir='ltr'><strong>mino,</strong></span> <span class='ocrx_word' id='word_1_271' title='bbox 896 3242 1128 3345; x_wconf 89' lang='lat' dir='ltr'><strong>quod</strong></span> <span class='ocrx_word' id='word_1_272' title='bbox 1174 3243 1485 3320; x_wconf 90' lang='lat' dir='ltr'><strong>reddita</strong></span> <span class='ocrx_word' id='word_1_273' title='bbox 1536 3245 1676 3320; x_wconf 87' lang='lat' dir='ltr'><strong>tibi</strong></span> <span class='ocrx_word' id='word_1_274' title='bbox 1730 3244 2065 3346; x_wconf 85' lang='lat' dir='ltr'><strong>pecunia</strong></span> <span class='ocrx_word' id='word_1_275' title='bbox 2115 3241 2374 3320; x_wconf 82' lang='lat' dir='ltr'><strong>fuerit.</strong></span> <span class='ocrx_word' id='word_1_276' title='bbox 2423 3283 2520 3302; x_wconf 84' lang='lat'><strong>--</strong></span> <span class='ocrx_word' id='word_1_277' title='bbox 2600 3250 2668 3323; x_wconf 87' lang='lat'><strong>7.</strong></span> <span class='ocrx_word' id='word_1_278' title='bbox 2739 3247 2843 3322; x_wconf 89' lang='lat' dir='ltr'><strong>At</strong></span> <span class='ocrx_word' id='word_1_279' title='bbox 2905 3244 3077 3347; x_wconf 76' lang='lat' dir='ltr'><strong>ipse</strong></span> <span class='ocrx_word' id='word_1_280' title='bbox 3125 3243 3330 3322; x_wconf 86' lang='lat' dir='ltr'><strong>sicut</strong></span> <span class='ocrx_word' id='word_1_281' title='bbox 3383 3241 3717 3343; x_wconf 80' lang='lat' dir='ltr'><strong>jusserat</strong></span> 
     </span>
     <span class='ocr_line' id='line_1_29' title="bbox 595 3356 3717 3462; baseline -0.002 -21"><span class='ocrx_word' id='word_1_282' title='bbox 595 3359 861 3442; x_wconf 60' lang='lat' dir='ltr'><strong>vetula</strong></span> <span class='ocrx_word' id='word_1_283' title='bbox 914 3356 1121 3433; x_wconf 83' lang='lat' dir='ltr'><strong>fecit.</strong></span> <span class='ocrx_word' id='word_1_284' title='bbox 1171 3395 1187 3416; x_wconf 61' lang='grc' dir='ltr'><em>ι</em></span> <span class='ocrx_word' id='word_1_285' title='bbox 1257 3362 1481 3451; x_wconf 84' lang='lat' dir='ltr'><strong>Quae</strong></span> <span class='ocrx_word' id='word_1_286' title='bbox 1512 3382 1701 3440; x_wconf 67' lang='lat' dir='ltr'><strong>,non</strong></span> <span class='ocrx_word' id='word_1_287' title='bbox 1755 3358 1999 3436; x_wconf 87' lang='lat' dir='ltr'><strong>oblita</strong></span> <span class='ocrx_word' id='word_1_288' title='bbox 2048 3357 2341 3458; x_wconf 84' lang='lat' dir='ltr'><strong>incepti</strong></span> <span class='ocrx_word' id='word_1_289' title='bbox 2407 3357 2671 3462; x_wconf 89' lang='lat' dir='ltr'><strong>operis</strong></span> <span class='ocrx_word' id='word_1_290' title='bbox 2730 3359 2957 3461; x_wconf 91' lang='lat' dir='ltr'><strong>quod</strong></span> <span class='ocrx_word' id='word_1_291' title='bbox 3005 3359 3498 3461; x_wconf 76' lang='lat' dir='ltr'><strong>praedixerat</strong></span> <span class='ocrx_word' id='word_1_292' title='bbox 3557 3358 3717 3435; x_wconf 84' lang='lat' dir='ltr'><strong>iter</strong></span> 
     </span>
     <span class='ocr_line' id='line_1_30' title="bbox 594 3469 3713 3575; baseline 0 -26"><span class='ocrx_word' id='word_1_293' title='bbox 594 3472 914 3572; x_wconf 85' lang='lat' dir='ltr'><strong>incepit,</strong></span> <span class='ocrx_word' id='word_1_294' title='bbox 965 3483 1046 3547; x_wconf 86' lang='lat' dir='ltr'><strong>et</strong></span> <span class='ocrx_word' id='word_1_295' title='bbox 1093 3469 1308 3545; x_wconf 86' lang='lat' dir='ltr'><strong>venit</strong></span> <span class='ocrx_word' id='word_1_296' title='bbox 1359 3496 1546 3546; x_wconf 86' lang='lat' dir='ltr'><strong>cum</strong></span> <span class='ocrx_word' id='word_1_297' title='bbox 1594 3471 1819 3549; x_wconf 86' lang='lat' dir='ltr'><strong>socio</strong></span> <span class='ocrx_word' id='word_1_298' title='bbox 1872 3471 2181 3572; x_wconf 89' lang='lat' dir='ltr'><strong>decepti</strong></span> <span class='ocrx_word' id='word_1_299' title='bbox 2237 3472 2338 3548; x_wconf 87' lang='lat' dir='ltr'><strong>ad</strong></span> <span class='ocrx_word' id='word_1_300' title='bbox 2388 3473 2734 3560; x_wconf 82' lang='lat' dir='ltr'><strong>domum</strong></span> <span class='ocrx_word' id='word_1_301' title='bbox 2770 3473 3240 3575; x_wconf 85' lang='lat' dir='ltr'><strong>deceptoris,</strong></span> <span class='ocrx_word' id='word_1_302' title='bbox 3289 3487 3371 3550; x_wconf 89' lang='lat' dir='ltr'><strong>et</strong></span> <span class='ocrx_word' id='word_1_303' title='bbox 3409 3472 3713 3574; x_wconf 72' lang='lat' dir='ltr'><strong>inquitz</strong></span> 
     </span>
     <span class='ocr_line' id='line_1_31' title="bbox 599 3582 3718 3687; baseline 0 -26"><span class='ocrx_word' id='word_1_304' title='bbox 599 3582 951 3681; x_wconf 88' lang='lat' dir='ltr'><strong>Quidam</strong></span> <span class='ocrx_word' id='word_1_305' title='bbox 1016 3584 1273 3662; x_wconf 90' lang='lat' dir='ltr'><strong>homo</strong></span> <span class='ocrx_word' id='word_1_306' title='bbox 1328 3582 1431 3660; x_wconf 87' lang='lat' dir='ltr'><strong>de</strong></span> <span class='ocrx_word' id='word_1_307' title='bbox 1478 3584 1854 3687; x_wconf 87' lang='lat' dir='ltr'><strong>Hispania</strong></span> <span class='ocrx_word' id='word_1_308' title='bbox 1912 3585 2358 3687; x_wconf 86' lang='lat' dir='ltr'><strong>hospitatus</strong></span> <span class='ocrx_word' id='word_1_309' title='bbox 2391 3599 2398 3608; x_wconf 83' lang='lat'><strong><em>‘</em></strong></span> <span class='ocrx_word' id='word_1_310' title='bbox 2427 3601 2543 3666; x_wconf 89' lang='lat' dir='ltr'><strong>est</strong></span> <span class='ocrx_word' id='word_1_311' title='bbox 2590 3610 2952 3675; x_wconf 87' lang='lat' dir='ltr'><strong>mecum,</strong></span> <span class='ocrx_word' id='word_1_312' title='bbox 3020 3600 3096 3663; x_wconf 91' lang='lat' dir='ltr'><strong>et</strong></span> <span class='ocrx_word' id='word_1_313' title='bbox 3143 3587 3313 3664; x_wconf 84' lang='lat' dir='ltr'><strong>vult</strong></span> <span class='ocrx_word' id='word_1_314' title='bbox 3358 3591 3718 3664; x_wconf 85' lang='lat' dir='ltr'><strong>Meccam</strong></span> 
     </span>
    </p>
   </div>
   <div class='ocr_carea' id='block_1_5' title="bbox 506 3697 3718 3800">
    <p class='ocr_par' dir='ltr' id='par_1_5' title="bbox 506 3697 3718 3800">
     <span class='ocr_line' id='line_1_32' title="bbox 506 3697 3718 3800; baseline -0.001 -23"><span class='ocrx_word' id='word_1_315' title='bbox 506 3740 531 3762; x_wconf 83' lang='lat'><strong>·</strong></span> <span class='ocrx_word' id='word_1_316' title='bbox 597 3697 847 3786; x_wconf 78' lang='lat' dir='ltr'><strong>adire,</strong></span> <span class='ocrx_word' id='word_1_317' title='bbox 899 3698 1365 3799; x_wconf 88' lang='lat' dir='ltr'><strong>quaeritque</strong></span> <span class='ocrx_word' id='word_1_318' title='bbox 1419 3724 1461 3775; x_wconf 87' lang='lat' dir='ltr'><strong>a</strong></span> <span class='ocrx_word' id='word_1_319' title='bbox 1510 3725 1644 3776; x_wconf 88' lang='lat' dir='ltr'><strong>me</strong></span> <span class='ocrx_word' id='word_1_320' title='bbox 1693 3697 2022 3775; x_wconf 88' lang='lat' dir='ltr'><strong>fidelem</strong></span> <span class='ocrx_word' id='word_1_321' title='bbox 2070 3699 2364 3790; x_wconf 80' lang='lat' dir='ltr'><strong>virum,</strong></span> <span class='ocrx_word' id='word_1_322' title='bbox 2397 3713 2404 3720; x_wconf 90' lang='grc'><em>“</em></span> <span class='ocrx_word' id='word_1_323' title='bbox 2448 3701 2578 3779; x_wconf 91' lang='lat' dir='ltr'><strong>cui</strong></span> <span class='ocrx_word' id='word_1_324' title='bbox 2649 3698 2932 3778; x_wconf 85' lang='lat' dir='ltr'><strong>tradat·</strong></span> <span class='ocrx_word' id='word_1_325' title='bbox 2965 3700 3392 3800; x_wconf 88' lang='lat' dir='ltr'><strong>pecuniam</strong></span> <span class='ocrx_word' id='word_1_326' title='bbox 3466 3717 3718 3788; x_wconf 88' lang='lat' dir='ltr'><strong>suam,</strong></span> 
     </span>
    </p>
   </div>
   <div class='ocr_carea' id='block_1_6' title="bbox 600 3812 3725 4306">
    <p class='ocr_par' dir='ltr' id='par_1_6' title="bbox 600 3812 3725 4255">
     <span class='ocr_line' id='line_1_33' title="bbox 600 3812 3722 3912; baseline 0.001 -26"><span class='ocrx_word' id='word_1_327' title='bbox 600 3835 807 3912; x_wconf 78' lang='lat' dir='ltr'><strong>quae</strong></span> <span class='ocrx_word' id='word_1_328' title='bbox 872 3827 991 3890; x_wconf 88' lang='lat' dir='ltr'><strong>est</strong></span> <span class='ocrx_word' id='word_1_329' title='bbox 1050 3814 1139 3890; x_wconf 90' lang='lat' dir='ltr'><strong>in</strong></span> <span class='ocrx_word' id='word_1_330' title='bbox 1216 3812 1496 3896; x_wconf 83' lang='lat' dir='ltr'><strong>decem</strong></span> <span class='ocrx_word' id='word_1_331' title='bbox 1566 3813 1907 3901; x_wconf 77' lang='lat' dir='ltr'><strong>scriniiS,</strong></span> <span class='ocrx_word' id='word_1_332' title='bbox 1988 3813 2490 3904; x_wconf 85' lang='lat' dir='ltr'><strong>servandam,</strong></span> <span class='ocrx_word' id='word_1_333' title='bbox 2557 3814 2816 3890; x_wconf 91' lang='lat' dir='ltr'><strong>donec</strong></span> <span class='ocrx_word' id='word_1_334' title='bbox 2874 3827 3326 3891; x_wconf 77' lang='lat' dir='ltr'><strong>revertatur.</strong></span> <span class='ocrx_word' id='word_1_335' title='bbox 3424 3817 3722 3889; x_wconf 84' lang='lat' dir='ltr'><strong>Precor</strong></span> 
     </span>
     <span class='ocr_line' id='line_1_34' title="bbox 600 3923 3720 4028; baseline 0.001 -28"><span class='ocrx_word' id='word_1_336' title='bbox 600 3924 872 4026; x_wconf 83' lang='lat' dir='ltr'><strong>itaque</strong></span> <span class='ocrx_word' id='word_1_337' title='bbox 921 3941 1016 4002; x_wconf 86' lang='lat' dir='ltr'><strong>ut</strong></span> <span class='ocrx_word' id='word_1_338' title='bbox 1058 3924 1223 4010; x_wconf 83' lang='lat' dir='ltr'><strong>mei</strong></span> <span class='ocrx_word' id='word_1_339' title='bbox 1276 3949 1506 4008; x_wconf 72' lang='lat' dir='ltr'><strong>causa</strong></span> <span class='ocrx_word' id='word_1_340' title='bbox 1556 3927 1640 4002; x_wconf 88' lang='lat' dir='ltr'><strong>in</strong></span> <span class='ocrx_word' id='word_1_341' title='bbox 1695 3923 1890 4002; x_wconf 85' lang='lat' dir='ltr'><strong>aede</strong></span> <span class='ocrx_word' id='word_1_342' title='bbox 1936 3938 2074 4003; x_wconf 86' lang='lat' dir='ltr'><strong>tua</strong></span> <span class='ocrx_word' id='word_1_343' title='bbox 2127 3927 2552 4018; x_wconf 88' lang='lat' dir='ltr'><strong>custodias,</strong></span> <span class='ocrx_word' id='word_1_344' title='bbox 2600 3942 2677 4004; x_wconf 89' lang='lat' dir='ltr'><strong>et</strong></span> <span class='ocrx_word' id='word_1_345' title='bbox 2727 3928 2913 4028; x_wconf 88' lang='lat' dir='ltr'><strong>quia</strong></span> <span class='ocrx_word' id='word_1_346' title='bbox 2958 3925 3225 4004; x_wconf 81' lang='lat' dir='ltr'><strong>audivi</strong></span> <span class='ocrx_word' id='word_1_347' title='bbox 3276 3939 3357 4004; x_wconf 86' lang='lat' dir='ltr'><strong>et</strong></span> <span class='ocrx_word' id='word_1_348' title='bbox 3415 3925 3580 4002; x_wconf 87' lang='lat' dir='ltr'><strong>scio</strong></span> <span class='ocrx_word' id='word_1_349' title='bbox 3636 3938 3720 4003; x_wconf 86' lang='lat' dir='ltr'><strong>te</strong></span> 
     </span>
     <span class='ocr_line' id='line_1_35' title="bbox 601 4038 3723 4143; baseline -0.004 -15"><span class='ocrx_word' id='word_1_350' title='bbox 601 4038 921 4128; x_wconf 69' lang='lat' dir='ltr'><strong>bortum</strong></span> <span class='ocrx_word' id='word_1_351' title='bbox 973 4055 1051 4118; x_wconf 87' lang='lat' dir='ltr'><strong>et</strong></span> <span class='ocrx_word' id='word_1_352' title='bbox 1096 4038 1423 4116; x_wconf 86' lang='lat' dir='ltr'><strong>fidelem</strong></span> <span class='ocrx_word' id='word_1_353' title='bbox 1459 4063 1627 4116; x_wconf 90' lang='lat' dir='ltr'><strong>esse</strong></span> <span class='ocrx_word' id='word_1_354' title='bbox 1663 4038 2110 4129; x_wconf 84' lang='lat' dir='ltr'><strong>hominem,</strong></span> <span class='ocrx_word' id='word_1_355' title='bbox 2159 4043 2356 4120; x_wconf 90' lang='lat' dir='ltr'><strong>nolo</strong></span> <span class='ocrx_word' id='word_1_356' title='bbox 2410 4043 2759 4143; x_wconf 88' lang='lat' dir='ltr'><strong>aliquem</strong></span> <span class='ocrx_word' id='word_1_357' title='bbox 2811 4040 3066 4117; x_wconf 86' lang='lat' dir='ltr'><strong>alium</strong></span> <span class='ocrx_word' id='word_1_358' title='bbox 3105 4051 3418 4141; x_wconf 78' lang='lat' dir='ltr'><strong>praeter</strong></span> <span class='ocrx_word' id='word_1_359' title='bbox 3461 4052 3552 4117; x_wconf 83' lang='lat' dir='ltr'><strong>te</strong></span> <span class='ocrx_word' id='word_1_360' title='bbox 3592 4062 3723 4117; x_wconf 84' lang='lat' dir='ltr'><strong>so-</strong></span> 
     </span>
     <span class='ocr_line' id='line_1_36' title="bbox 603 4150 3725 4306; baseline -0 -76"><span class='ocrx_word' id='word_1_361' title='bbox 603 4150 777 4244; x_wconf 57' lang='lat' dir='ltr'><strong>lum</strong></span> <span class='ocrx_word' id='word_1_362' title='bbox 846 4151 1139 4252; x_wconf 68' lang='lat' dir='ltr'><strong>hujus</strong></span> <span class='ocrx_word' id='word_1_363' title='bbox 1177 4155 1563 4255; x_wconf 77' lang='lat' dir='ltr'><strong>pecuniae</strong></span> <span class='ocrx_word' id='word_1_364' title='bbox 1640 4154 2392 4238; x_wconf 76' lang='lat' dir='ltr'><strong>commendatorem</strong></span> <span class='ocrx_word' id='word_1_365' title='bbox 2463 4154 2760 4306; x_wconf 74' lang='lat' dir='ltr'><strong>adesse,</strong></span> <span class='ocrx_word' id='word_1_366' title='bbox 2835 4193 2931 4212; x_wconf 89' lang='lat'><strong>·-</strong></span> <span class='ocrx_word' id='word_1_367' title='bbox 3009 4157 3078 4231; x_wconf 85' lang='grc'><strong>8.</strong></span> <span class='ocrx_word' id='word_1_368' title='bbox 3157 4155 3261 4232; x_wconf 82' lang='lat' dir='ltr'><strong>Et</strong></span> <span class='ocrx_word' id='word_1_369' title='bbox 3334 4150 3539 4230; x_wconf 87' lang='lat' dir='ltr'><strong>dum</strong></span> <span class='ocrx_word' id='word_1_370' title='bbox 3613 4153 3725 4229; x_wconf 86' lang='lat' dir='ltr'><strong>ita</strong></span> 
     </span>
    </p>
   </div>
   <div class='ocr_carea' id='block_1_7' title="bbox 3434 4265 3724 4368">
    <p class='ocr_par' dir='ltr' id='par_1_7' title="bbox 3434 4265 3724 4368">
     <span class='ocr_line' id='line_1_37' title="bbox 3434 4265 3724 4368; baseline 0.007 -27"><span class='ocrx_word' id='word_1_371' title='bbox 3434 4265 3724 4368; x_wconf 69' lang='lat' dir='ltr'><strong>loque-</strong></span> 
     </span>
    </p>
   </div>
  </div>
 </body>
</html>
