3969 4580
1749 128 1975 234 47‘

404 338 411 349 '
450 341 526 416 6.
589 339 875 414 Fertur
924 331 1030 412 de
1078 329 1406 411 duobus
1455 329 1864 433 discipulis
1917 325 2146 433 quod
2207 342 2578 407 exeuntes
2640 327 2744 409 de
2793 328 3143 434 quadam
3193 329 3377 409 civi..

253 467 413 533 tate
459 463 853 530 venerunt
899 448 985 524 in
1048 445 1458 549 quendam
1522 444 1834 535 locum,
1880 445 2028 521 ubi
2080 468 2235 522 vox
2284 443 2701 544 cujusdam
2750 443 3098 524 feminae
3145 445 3375 525 valde

255 592 555 647 sonora
630 563 1138 650 audiebatur,
1209 559 1610 662 verbaque
1688 572 1964 637 cantus
2024 558 2236 636 bene
2298 558 2678 661 disposita
2742 574 2992 651 erant,
3064 574 3142 639 et
3200 562 3374 663 ipse

257 696 534 759 cantus
594 679 904 757 musice
969 686 1468 753 constructus
1528 671 1758 751 valde
1822 671 2305 751 delectabilis
2369 688 2448 752 et
2507 674 2943 751 amatorius
2988 673 3370 754 insonuit.
3411 660 3428 669 “

156 870 163 875 .
255 792 326 877 7.
377 794 747 873 Substitit
807 790 1001 869 alter
1050 786 1432 865 cantilena
1481 799 1870 877 retentus,
1922 788 2053 865 cui
2101 788 2404 865 socius:
2479 789 3022 878 DivertamuS,
3073 790 3201 887 (et
3248 789 3372 867 di-

250 923 665 987 verterunt
718 904 993 1001 inde),
1067 900 1295 1003 quod
1353 901 1755 977 intantum
1827 902 2176 980 volucris
2239 901 2635 1004 decipitur
2696 918 2936 980 cantu
2986 902 3213 1005 quod
3264 900 3376 978 ad=

250 1037 606 1100 mortem
671 1017 1158 1122 perducitur.
1217 1055 1320 1073 -
1409 1018 1479 1091 8.
1538 1018 1640 1092 Et
1690 1014 1885 1091 alter
1944 1015 2176 1093 dixit:
2246 1019 2403 1093 Ista
2465 1042 2618 1093 vox
2680 1016 2997 1093 dulcior
3058 1027 3177 1092 est
3232 1014 3374 1092 illa

255 1159 505 1239 quam
580 1157 727 1233 ego
803 1146 879 1211 et
937 1129 1313 1228 magister
1358 1149 1590 1203 meus
1652 1124 2127 1230 jampridem
2195 1129 2726 1211 audieramus.
2772 1169 2875 1186 —-
2946 1132 3050 1207 Et
3109 1128 3370 1231 qualis

256 1264 426 1327 erat
470 1249 651 1325 illa?
698 1246 963 1349 inquit
1010 1244 1236 1330 alter,
1288 1254 1365 1317 et
1415 1243 1842 1342 quomodo
1892 1242 2114 1320 illam
2166 1243 2538 1320 audistis?
2584 1285 2684 1302 —
2752 1249 2822 1321 9.
2869 1243 3183 1332 Evenit,
3247 1240 3370 1319 di-

250 1361 364 1440 xit
421 1361 713 1450 socius,
766 1358 996 1462 quod
1047 1384 1087 1434 a
1141 1357 1445 1434 civitate
1498 1356 1969 1445 exieramus,
2035 1371 2118 1434 et
2162 1358 2274 1433 sic
2337 1383 2490 1435 vox
2536 1380 2700 1433 una
2741 1357 3178 1457 asperrima
3230 1380 3367 1433 au·

255 1476 637 1563 diebatur,
689 1488 767 1550 et
816 1486 1092 1549 cantus
1141 1469 1745 1573 incomposituS,
1791 1471 2193 1574 verbaque
2240 1470 2697 1550 inordinate
2731 1470 3140 1559 sonabant,
3189 1468 3366 1570 qui·

256 1614 414 1693 que
466 1586 828 1665 cantabat
875 1585 1188 1687 saepius
1237 1607 1384 1685 per
1427 1582 1649 1659 idem
1698 1584 2132 1684 repetebat,
2209 1600 2288 1663 et
2347 1610 2497 1662 suo
2563 1584 2747 1662 licet
2794 1607 3074 1691 aspqu
3127 1592 3380 1665 cantu

253 1701 481 1805 quasi
546 1697 988 1776 delectabili
1054 1696 1572 1773 detinebatur.
1691 1700 1925 1773 Tunc
1988 1699 2193 1775 mihi
2269 1700 2674 1798 magister:
2758 1699 2842 1775 Si
2903 1720 3187 1774 verum
3237 1709 3365 1777 est

254 1814 483 1918 quod
537 1812 817 1889 dicunt
862 1811 1266 1897 homines,
1314 1832 1599 1884 vocem
1643 1808 2001 1887 bubonis
2049 1810 2428 1888 hominis·
2460 1827 2808 1889 mortem
2859 1808 3362 1913 portendere,

252 1942 333 2006 ct
378 1926 559 2003 tum
605 1925 752 2002 ista
803 1923 977 1999 sine
1027 1922 1280 1998 dubio
1341 1945 1495 1997 vox
1553 1921 1909 1999 bubonis
1967 1939 2318 2003 mortem
2374 1925 2733 2003 hominis
2784 1923 3232 2002 annunciat.
3265 1960 3366 1981 -

255 2044 372 2118 10.
424 2038 574 2118 Cui
628 2060 810 2135 ego:
869 2036 1145 2126 Miror,
1196 2056 1457 2137 quum
1507 2049 1783 2111 cantus
1832 2036 1937 2112 sit
1964 2049 2132 2115 tam
2158 2038 2558 2128 horridus,
2608 2063 2753 2115 cur
2797 2037 2930 2113 ille
2962 2038 3364 2112 intantum

134 2206 143 2213 -
248 2155 338 2231 in
389 2176 489 2230 eo
542 2150 991 2228 delectatur.
1040 2189 1140 2209 -
1214 2152 1318 2226 Et
1372 2147 1506 2224 ille
1553 2148 1793 2223 mihi:
1868 2154 2066 2226 Non
2118 2152 2561 2229 recordaris
2620 2151 2842 2226 illius
2895 2145 3376 2251 philosophi·
3434 2144 3484 2247 ff
3543 2182 3588 2241 χ

253 2269 394 2372 qui
445 2267 670 2346 dicit:
717 2268 813 2341 In
863 2264 1139 2341 tribus
1171 2260 1604 2339 delectatur
1649 2260 1928 2351 homo,
1981 2263 2286 2341 etiamsi
2337 2266 2554 2343 bona
2603 2286 2773 2341 non
2826 2276 3030 2353 sunt,
3078 2261 3169 2338 in
3218 2284 3364 2338 sua
3445 2254 3464 2294 x

250 2405 482 2471 voce,
541 2383 628 2456 in
679 2404 831 2456 suo
883 2377 1267 2465 carmine,
1328 2399 1481 2452 suo
1531 2373 1726 2451 filio.
1773 2415 1876 2432 —-
1946 2382 2057 2458 Ut
2117 2379 2337 2457 istud
2402 2379 2505 2457 de
2567 2403 2652 2456 se
2704 2390 2783 2455 et
2832 2375 2935 2455 de
2980 2375 3361 2475 magistro

250 2506 698 2574 narraverat
746 2491 1073 2592 digressi
1121 2503 1310 2568 sunt
1353 2488 1548 2568 inde
1596 2488 1862 2567 ambo.
3085 2540 3120 2590 ,

442 2835 503 2914 1.
544 2832 766 2909 -Dixit
812 2829 1144 2933 quidam
1190 2828 1729 2933 philosophus
1773 2830 1947 2908 filio
1981 2854 2174 2907 suo:
2224 2832 2576 2932 Sequere
2609 2828 3143 2932 scorpionem,
3191 2824 3360 2904 leo-

250 2973 476 3036 nem,
529 2946 999 3034 draconem,
1064 2945 1207 3022 sed
1266 2944 1560 3022 malam
1622 2943 2009 3022 feminam
2071 2968 2176 3021 ne
2236 2945 2609 3046 sequaris
2673 2983 2769 3002 -
2858 2943 3120 3022 Alius:
3196 2941 3360 3018 Ora

248 3066 518 3140 Deum
563 3075 660 3137 ut
705 3074 782 3137 te
830 3059 1111 3140 liberet
1158 3060 1256 3135 ab
1308 3058 1535 3136 omni
1584 3058 1911 3157 ingenio
1961 3082 2316 3160 nequam
2350 3058 2857 3147 feminarum,
2907 3069 2985 3133 et
3028 3068 3140 3146 tu,
3188 3067 3361 3157 spe·

175 3202 184 3208 ·
253 3177 381 3253 cie*
402 3173 575 3275 ejus
612 3197 747 3258 ne·
774 3172 1221 3294 decipiaris,
1268 3173 1418 3249 tibi
1468 3171 1828 3274 provide.
2359 3186 2382 3208 ⁸

442 3293 519 3365 2.
590 3290 914 3366 Dictum
964 3302 1083 3364 est
1128 3286 1483 3389 ‘namque
1534 3285 1649 3368 de
1688 3285 2051 3388 quodam
2099 3284 2630 3387 philosophe,
2695 3283 2920 3387 quod
2972 3279 3372 3362 transiens·

249 3387 462 3504 jhxta
508 3403 785 3480 locum
833 3402 1075 3480 talem
1125 3423 1295 3503 quo
1329 3425 1634 3504 auceps
1680 3414 1879 3476 rete
1892 3398 2336 3477 tetenderat
2383 3400 2658 3477 avibus
2693 3393 3202 3500 decipiendis,
3247 3389 3362 3467 vi·

255 3517 375 3626 dit
419 3515 977 3593 mulierculam
1027 3539 1214 3593 cum
1266 3538 1365 3591 eo
1416 3514 1986 3606 lascivientem,
2064 3513 2193 3589 eui
2259 3513 2482 3590 dixit.
2546 3513 2707 3609 Qui
2767 3533 2946 3587 aves
2996 3506 3362 3608 decipere

255 3630 639 3717 conaris,
671 3619 857 3705 vide
918 3651 1021 3706 ne
1070 3628 1397 3705 avicula
1419 3626 1670 3705 factus
1716 3625 1958 3744 hujus
1993 3628 2224 3705 visco
2276 3626 2487 3704 clobi
2533 3624 2892 3702 tenearis.
2938 3659 3036 3684 -·-
3106 3624 3178 3699 3.
3223 3617 3365 3696 Di·

251 3746 367 3823 xit
400 3741 749 3846 quidam
817 3741 1255 3854 discipulus
1304 3742 1682 3840 magistro
1738 3767 1923 3820 suo.
1994 3742 2184 3841 Legi
2250 3742 2337 3818 in
2396 3739 2620 3817 libris
2678 3735 3362 3840 philosophorum

256 3858 556 3962 quibus
626 3856 1126 3959 praecipiunt
1194 3869 1290 3932 ut
1364 3856 1462 3931 ab
1538 3856 1868 3954 ingenio
1928 3856 2280 3935 feminae
2339 3875 2753 3957 perversae
2825 3846 3221 3928 custodiat
3277 3868 3374 3924 se

251 3970 535 4048 Ιιοῶσ.
631 3974 734 4048 Et
782 3969 1173 4048 Salomon
1230 3971 1318 4045 in
1378 3972 1823 4071 proverbiis
1885 3973 2047 4050 hoc
2108 3970 2332 4047 idem
2369 3967 2785 4046 admonet.
2886 3962 3048 4042 Sed
3094 3976 3222 4049 tu,
3295 3957 3361 4034 si

150 4141 163 4148 -
255 4107 498 4188 super
542 4083 868 4183 ingenio
922 4081 1093 4182 ejus
1122 4084 1300 4161 sive
1350 4079 1452 4162 de
1484 4084 1793 4162 tfabulis
1841 4086 2014 4163 sive
2054 4085 2190 4163 de
2185 4081 2648 4186 proverbiis
2699 4076 3008 4182 aliquid
3050 4075 3372 4152 memo&

251 4198 746 4287 ritertenes,
817 4197 1105 4276 vellem
1154 4211 1249 4276 ut
1296 4198 1753 4278 enarrando,
1787 4224 1924 4278 me
1966 4201 2419 4358 instrueres.
2468 4239 2566 4258 -
2633 4198 2704 4271 4.
2752 4191 3153 4290 Magister:
3216 4189 3363 4263 Ba-
