3969 4580
1754 165 1877 261 63

1557 372 1625 423 ⁸
1714 444 1919 538 xx
2027 384 2090 419 ”

462 602 529 677 1.
626 599 955 676 Dictum
1022 609 1140 674 est
1199 595 1301 675 de
1364 594 1691 675 duobus
1736 584 2278 699 burgensibus
2324 611 2402 675 et
2446 600 2745 678 rustico
2798 624 3030 680 causa
3082 601 3377 680 oratio-

250 711 388 790 nis
430 716 807 793 'Meccam
872 712 1382 801 adeuntibus,
1473 714 1701 816 quod
1778 728 2040 792 essent
2110 712 2306 791 socii
2369 714 2622 791 victus
2690 715 2954 793 donec
3016 717 3378 795 venirent

257 852 517 932 prope
565 835 950 915 Meccam,
1003 826 1317 905 et'tunc
1370 825 1658 905 defecit
1708 828 1818 905 eis
1868 829 2129 917 cibuS,
2179 829 2284 905 ita
2336 828 2564 930 quod
2612 853 2785 905 non
2832 830 3216 906 remansit
3265 830 3378 909 eis

236 943 747 1046 '‘quidquam,
821 941 972 1016 nisi
1034 953 1348 1019 tantum
1397 940 1699 1019 farinae
1750 968 1905 1045 qua
1957 941 2226 1018 solum
2278 968 2612 1043 parvum
2660 965 2954 1044 panem
3005 940 3373 1021 facerent.
3473 954 3492 993 ί

250 1058 327 1132 -2,
376 1061 818 1154 Burgenses
880 1078 1070 1130 vero
1134 1053 1295 1130 hoc
1355 1055 1733 1138 videntes·
1774 1056 2151 1131 dixerunt
2198 1055 2299 1132 ad
2348 1057 2730 1145 invicem:
2789 1061 3098 1132 ‘Parum
3131 1057 3380 1158 ‘panis

210 1168 692 1257 -habemus,
743 1182 818 1244 et
865 1181 1140 1243 noster
1190 1168 1540 1243 multum
1592 1169 1946 1244 comedit
1993 1164 2278 1246 socius.
2386 1176 2894 1271 Quapropter
2939 1194 3098 1245 nos
3131 1194 3378 1271 opor·
3459 1208 3466 1213 ·

254 1286 372 1360 t'et
416 1283 711 1367 habere
762 1280 1223 1371 consilium,
1290 1280 1717 1384 quomodo
1768 1290 2076 1384 p'artem
2127 1280 2353 1384 panis
2413 1282 2487 1359 ei
2566 1282 2877 1358 auferre
2939 1283 3377 1384 possimus,

256 1411 342 1474 et
390 1394 615 1497 quod
667 1396 1094 1471 nobiscum
1130 1392 1641 1471 'manducare‘
1683 1395 1952 1484 debet,
2002 1396 2152 1471 soli
2203 1394 2750 1472 comedamus.
2781 1436 2883 1455 --·
2944 1400 3013 1472 3.
3061 1392 3378 1481 Deinde

250 1523 740 1609 ¹acceperunt
787 1506 1259 1607 hujusmodi
1312 1508 1771 1597 consilium,
1850 1508 2077 1610 quod
2143 1509 2491 1587 facerent
2549 1533 2880 1610 panem,
2955 1523 3033 1586 et
3083 1533 3377 1612 coque·

238 1636 470 1711 sent,
534 1636 614 1697 et
660 1622 867 1697 dum
918 1636 1401 1723 coqueretur
1446 1618 1930 1713 dormirent,
2007 1638 2084 1700 et
2133 1624 2498 1727 quisquis
2550 1644 2837 1700 eorum
2886 1623 3380 1701 mirabiliora

252 1734 747 1811 somniando
811 1734 1113 1811 videret
1172 1734 1393 1811 solus
1459 1758 1751 1836 panem
1815 1738 2296 1815 comederet.
2427 1741 2639 1813 Haec
2692 1734 3114 1813 artificiose
3168 1735 3377 1829 dice-

253 1847 491 1936 bant,
576 1848 763 1948 quia
853 1847 1296 1948 simplicem
1385 1851 1773 1925 rusticum
1863 1849 1965 1926 ad
2056 1849 2528 1950 hujusmodi
2615 1847 2886 1925 fictitia
2961 1851 3376 1952 putabant,

238 1974 355 2052 nt
396 1984 607 2062 pane
656 1982 903 2061 quem
953 1954 1299 2037 facerent
1348 1973 1663 2036 careret.
1760 1964 1863 2037 Et
1909 1963 2271 2042 fecerunt
2317 1986 2648 2066 panem,
2696 1962 3251 2065 miseruntque
3288 1965 3374 2040 in

120 2066 133 2073 ’
254 2073 562 2172 ignem3
614 2072 905 2149 deinde
954 2070 1370 2171 jacuerunt
1415 2088 1510 2149 ut
1558 2073 2029 2151 dormirent.
2124 2079 2192 2151 4.
2237 2080 2350 2153 -At
2395 2074 2772 2163 rusticuS,
2821 2090 3186 2176 percepta
3240 2098 3374 2153 eo-

256 2213 444 2263 rum
498 2187 807 2274 astutia,
873 2184 1460 2262 dormientibus
1512 2187 1746 2262 sociis
1800 2186 1901 2263 de
1949 2189 2133 2284 igne
2183 2187 2410 2263 traxit
2456 2210 2752 2288 panem
2816 2188 3375 2279 semicoctum,

156 2383 165 2396 .
257 2300 628 2388 comedit,
680 2313 758 2375 et
803 2295 1099 2375 iterum
1148 2299 1404 2397 jacuit.
1502 2305 1729 2377 Unus
1781 2315 2051 2377 autem
2104 2301 2207 2377 de
2238 2300 2792 2398 burgensibus,
2844 2300 3047 2380 sicut
3079 2324 3374 2379 somno

236 2415 717 2515 -perterritus
769 2426 998 2502 esset,
1070 2412 1486 2511 evigilavit,
1553 2413 2030 2514 sociumque
2080 2411 2404 2490 v'ocavit.
2475 2413 2736 2489 'Tunc
2789 2414 2983 2490 alter
3033 2414 3138 2490 de'
3184 2415 3376 2489 bur-

146 2611 154 2621 ,
248 2525 631 2625 gensibus
695 2526 831 2602 ait:
909 2525 1131 2621 Quid
1190 2526 1485 2603 babes?
1542 2565 1644 2582 --
1711 2530 1813 2603 At
1850 2519 2010 2602 -ille
2058 2526 2351 2628 inquit:
2429 2529 2497 2601 5.
2546 2525 2909 2602 Mirabile
2959 2526 3374 2603 somnium
3499 2541 3504 2548 '

251 2638 441 2714 vidi.
560 2642 770 2714 Nam
829 2639 1034 2714 mihi
1101 2638 1365 2714 visum
1426 2635 1631 2724 suit,
1695 2639 1925 2738 quod
1991 2638 2163 2716 duo
2240 2637 2494 2737 angeli
2572 2640 3030 2739 aperiebant
3101 2649 3373 2739 portas

248 2748 489 2836 coeli,
532 2751 799 2826 et-'me
844 2749 1252 2826 sumentes
1304 2749 1700 2828 ducebant
1747 2767 1929 2828 ante
1976 2749 2266 2829 Deum.
2315 2790 2418 2809 --
2461 2755 2530 2826 6.
2572 2751 2724 2827 Cui
2775 2754 3078 2827 socius:
3127 2751 3364 2838 Mira-

253 2864 417 2941 bile
467 2863 880 2939 somnium
934 2863 1160 2965 quod
1208 2861 1504 2941 vidisti!
1599 2867 1701 2941 At
1749 2887 1899 2963 ego
1950 2864 2376 2952 somniavi,
2451 2862 2679 2964 quod
2743 2888 2786 2939 a
2850 2861 3174 2940 duobus
3236 2875 3372 2942 an-

238 2978 445 3077 gelis
482 3002 628 3052 ‚me
678 2975 1157 3054 ducentibus
1202 2991 1284 3054 et
1329 2992 1622 3054 terram
1673 2971 2221 3055 scindentibus
2267 2979 2358 3052 in
2408 2977 2827 3054 infernum
2882 2976 3234 3055 ducerer.
3273 2975 3370 3038 3-

256 3096 326 3168 7.
363 3090 735 3168 Rusticus
771 3079 928 3166 hoc
970 3105 1232 3168 totum
1268 3089 1671 3180 audiebat,
1724 3106 1799 3168 et
1832 3116 1917 3168 se
1968 3091 2325 3168 dormire
2363 3089 2740 3188 fingebat.
2820 3089 2976 3166 Sed
3013 3090 3372 3200 xburgen--

250 3229 378 3280 ses
429 3204 736 3306 decepti
786 3204 1150 3306 decipere
1200 3204 1589 3295 volenteS,
1632 3220 1728 3282 ut
1773 3201 2128 3303 vigilaret
2173 3204 2553 3292 rusticus),
2601 3199 3104 3280 rocaverunt.
3191 3207 3369 3282 xRu·

240 3307 498 3400 ..sticus
548 3342 749 3395 vcro
814 3318 1095 3396 callide
1156 3332 1242 3395 et
1296 3319 1501 3394 sicut
1562 3317 1898 3394 territus·
1958 3333 2160 3394 esset
2211 3315 2677 3417 -nesponditz
2748 3316 2907 3411 Qui
2974 3330 3163 3392 sunt
3225 3316 3369 3416 qui
3475 3321 3476 3324 ’

236 3454 396 3506 -me
442 3435 768 3508 vocant?
812 3471 915 3492 —·
993 3436 1093 3509 At
1139 3432 1288 3508 illi:
1366 3431 1579 3506 Socii
1627 3433 1747 3507 tui
1794 3455 2100 3507 sumus.
2145 3471 2247 3486 —
2341 3433 2444 3506 Et
2490 3429 2830 3504 rusticus
2881 3427 2980 3505 ad
3034 3451 3175 3504 eos
3224 3428 3366 3503 ait:

112 3581 127 3594 ·
246 3541 633 3620 Rediistis
682 3543 887 3642 jam?
931 3587 1031 3602 —
1086 3537 1202 3622 wAt
1248 3544 1361 3620 illi
1415 3557 1722 3619 contra:
1795 3550 1981 3640 Quo
2033 3542 2553 3645 pen-eximus,
2622 3539 2846 3616 unde
2909 3538 3190 3617 redire.
3223 3539 3362 3617 de-

228 3655 631 3732 beamus?
676 3698 778 3712 -
868 3662 939 3738 8.
989 3659 1112 3735 Ad
1148 3659 1357 3752 ,haec
1404 3658 1776 3733 rusticus:
1847 3663 2085 3733 Nunc
2131 3657 2393 3731 visum
2447 3666 2563 3731 est
2609 3648 2844 3741 mihi,
2909 3652 3135 3754 quod
3189 3654 3361 3733 duo

250 3769 511 3867 angeli
560 3771 823 3844 unum
856 3757 964 3845 -eir
1011 3772 1246 3847 vobis
1296 3771 1778 3873 accipiebant
1827 3784 1904 3846 et
1953 3770 2409 3872 aperiebant
2451 3763 2722 3869 portas
2767 3766 3010 3855 coeli,
3083 3781 3162 3844 et
3211 3767 3360 3845 du·-

246 3882 536 3958 cebant
584 3895 763 3959 ante
812 3886 1098 3959 Deum.
1195 3883 1506 3960 Deinde
1567 3879 1810 3960 alium
1870 3879 2356 3983 accipiebant
2401 3879 2578 3962 duo
2627 3875 2882 3979 angeli
2923 3878 3199 3982 {atii}
3285 3894 3364 3959 ot

253 4003 518 4097 aperta
580 4010 787 4073 terra
854 3995 1253 4086 ducebant
1314 3996 1419 4072 ad
1465 3996 1890 4074 infernum.
1990 4001 2094 4074 Et
2137 3996 2266 4070 his
2312 3993 2501 4070 visis
2542 3991 2922 4097 putabam
2972 4008 3356 4070 neutrum

248 4101 424 4187 esse
453 4125 899 4189 vestrorum
934 4107 1096 4210 jam
1130 4101 1470 4212 amplius
1501 4102 1970 4190 rediturum.
2035 4108 2373 4201 surrexi,
2409 4123 2487 4187 et
2515 4129 2807 4215 panem
2826 4106 3182 4186 comedi.
3218 4133 3312 4165 ⁴-
