3969 4580
2009 161 2075 275 4

465 302 714 470 phani
786 357 1116 463 gloriosi
1195 372 1273 437 et
1329 356 1664 459 legitimi
1742 308 2105 458 ejusdem
2166 306 2495 442 civitatis
2553 352 2955 461 Episcopi.
3064 361 3286 438 Hora
3349 359 3590 438 etiam
3685 448 3692 455 ,

464 478 994 581 baptismatis,
1043 487 1354 578 praeter
1403 497 1496 552 ea
1547 496 1754 575 quae
1801 469 2232 574 praemissa
2282 483 2503 560 sunt,
2568 471 2872 549 credidi
2921 473 3200 555 beatos
3247 475 3594 577 Aposto-

469 593 594 672 los
646 602 724 669 et
770 605 1122 668 sanctam
1167 586 1606 666 Ecclesiam
1658 584 2173 662 Catholicam.
2270 588 2449 663 Hoc
2511 598 2784 663 autem
2844 583 3148 665 factum
3214 601 3331 666 est
3380 611 3595 665 anno

474 733 519 785 a
567 705 967 782 nativitate
998 700 1335 781 Domini
1383 698 1930 776 millesimo
1984 697 2528 775 centesimo
2585 713 2893 792 sexto,
2945 701 3287 780 aetatis
3336 725 3599 780 meae

474 843 729 897 anno
784 812 1548 920 quadragesimo
1603 825 1992 914 quarto,
2042 835 2320 888 mense
2368 811 2625 903 Julio,
2676 811 2807 890 die
2858 814 3136 891 natalis
3168 814 3597 918 Apostolo-

470 958 657 1010 rum
689 930 901 1008 Petri
938 943 1015 1008 et
1043 927 1290 1031 Pauli.
1389 924 1628 1005 Unde
1676 923 1881 1001 mihi
1934 924 2044 1000 ob
2093 923 2690 1001 venerationem
2745 939 2823 1002 et
2868 929 3357 1006 memoriam
3393 926 3594 1027 ejus-

477 1026 666 1122 dem
713 1043 1109 1147 Apostoli,
1182 1062 1529 1128 nomen,
1604 1037 1836 1141 quod
1887 1051 2004 1116 est
2050 1041 2439 1126 PetrnS‚
2511 1037 2889 1139 imposui.
2905 1038 2974 1137 ⁴⁸)
3072 1041 3259 1119 Fuit
3325 1056 3595 1127 autem
3671 1124 3675 1129 ,

471 1173 697 1261 pater
754 1181 989 1233 meus
1056 1151 1481 1258 spiritualis
1542 1150 1716 1230 Alf
1719 1172 2074 1238 unsus
2157 1148 2557 1249 gloriosus
2628 1151 3055 1252 Hispaniae
3114 1156 3596 1288 Imperator,

436 1272 615 1375 *qui
667 1292 802 1348 me
853 1269 955 1347 de
1005 1292 1228 1346 sacro
1279 1264 1508 1343 fonte
1558 1264 1931 1366 suscepit,
1997 1288 2246 1367 quare
2295 1288 2601 1342 nomen
2651 1262 2821 1362 ejus
2869 1265 3226 1368 praefato
3280 1271 3597 1348 nomini

478 1409 670 1463 meo
729 1407 1173 1487 apponenS,
1223 1385 1572 1457 Petrus
1620 1377 2020 1457 Alfunsi
2067 1375 2273 1453 mihi
2323 1371 2631 1455 nomen
2677 1377 3056 1481 imposui.
3155 1387 3600 1486 Quumque

475 1513 772 1575 notum
836 1509 1038 1572 esset
1062 1462 1454 1585 dudaeis,
1522 1494 1664 1597 qui
1726 1518 1862 1572 me
1925 1507 2152 1571 antea
2201 1503 2620 1581 noverant,
2688 1505 2767 1568 et
2811 1493 3344 1594 probaverant
3388 1498 3596 1600 peri·

475 1626 654 1689 tum
700 1611 788 1686 in
835 1608 1059 1686 libris
1088 1606 1676 1709 Prophetarum
1725 1621 1804 1686 et
1853 1606 2082 1685 dictis
2133 1605 2586 1694 doctorum,
2632 1618 2943 1706 partem
2982 1608 3220 1710 etiam
3254 1633 3425 1688 non
3463 1608 3596 1712 [Ρ]

475 1746 853 1823 magnam
903 1719 1197 1798 habere
1250 1721 1623 1798 omnium
1674 1722 2134 1803 liberalium.
2179 1718 2510 1807 artium,
2581 1717 2812 1820 quod
2876 1719 3137 1820 legem
3202 1737 3282 1800 et
3342 1721 3598 1801 fidem

482 1838 956 1939 accepissem
991 1834 1665 1925 Christianorum,
1716 1850 1795 1913 et
1823 1858 2040 1913 unus
2074 1857 2331 1910 essem
2383 1854 2703 1909 eorum:
2753 1833 3085 1935 quidam
3139 1861 3428 1914 eorum
3479 1850 3628 1916 ar·‘

476 1952 741 2030 bitrati
790 1963 979 2026 sunt
1025 1972 1158 2025 me
1207 1946 1368 2025 hoc
1417 1973 1589 2026 non
1636 1946 1948 2037 fecisse,
2024 1946 2179 2022 nisi
2249 1944 2438 2050 quia
2507 1942 2712 2022 adeo
2767 1969 3103 2025 omnem
3154 1949 3593 2049 abjeceram

478 2062 1078 2151 verecundiam,
1157 2059 1384 2164 quod
1452 2076 1529 2139 et
1592 2063 1862 2139 Deum
1929 2074 2009 2137 et
2069 2059 2332 2158 legem
2395 2070 3059 2160 contempseram.
3180 2065 3334 2140 Alii
3400 2089 3594 2143 vero

477 2192 898 2281 propterea
947 2200 1082 2252 me
1127 2173 1406 2251 secisse
1457 2174 1854 2283 dicebant,
1919 2172 2145 2274 quod
2195 2195 2367 2248 non
2443 2182 2537 2247 ut
2586 2168 2959 2251 decuerat
3004 2172 3596 2279 Prophetarum

481 2306 563 2370 et
608 2290 801 2391 legis
860 2288 1099 2367 verba
1146 2284 1723 2365 intellexissem.
1847 2285 2001 2366 Alii
2063 2297 2332 2363 autem
2392 2308 2638 2362 vanae
2699 2285 2999 2383 gloriae
3060 2289 3595 2395 imputabant,

360 2489 367 2496 ,
482 2418 559 2483 et
620 2428 756 2480 me
815 2402 977 2479 hoc
1034 2400 1316 2479 fecisse
1381 2399 2075 2477 calumniabantur
2153 2398 2263 2473 ob
2327 2396 2733 2474 honorem
2798 2402 3122 2508 saeculi,
3199 2428 3297 2486 eo
3337 2405 3597 2507 quod

484 2516 1121 2594 Christianorum
1159 2527 1477 2613 gentem
1517 2514 1794 2591 ceteris
1828 2511 2210 2589 omnibus
2244 2533 2657 2614 superesse
2690 2482 3259 2617 conspicerem.
3359 2524 3598 2597 Hunc

480 2630 726 2730 igitur
770 2625 1136 2705 libellum
1186 2627 1644 2728 composui,
1714 2640 1811 2703 ut
1869 2648 2155 2701 omnes
2218 2638 2296 2701 et
2353 2647 2623 2701 meam
2686 2646 3173 2724 cognoscant
3218 2634 3596 2712 intentio·

481 2767 711 2828 nem,
766 2754 843 2816 et
890 2740 1216 2817 audiant
1261 2741 1693 2830 rationem,
1740 2741 1830 2817 in
1880 2763 2048 2840 quo
2103 2738 2477 2814 omnium
2505 2737 2864 2815 aliarum
2914 2747 3274 2840 gentium
3311 2747 3594 2826 credu-

484 2854 718 2932 litatis
771 2850 1391 2931 destructionem
1440 2852 1900 2957 praeposui3
1949 2864 2134 2955 post
2183 2851 2396 2938 haec,
2449 2851 2980 2929 Christianam
3030 2855 3290 2956 legem
3329 2860 3595 2937 omni-

482 2958 639 3045 bus
687 2966 1339 3068 praestantiorem
1377 2990 1545 3042 esse
1596 2965 1973 3044 conclusi.
2070 2961 2196 3040 Ad
2231 2963 2616 3039 ultimum
2666 2963 2904 3043 etiam
2940 2994 3224 3047 omnes
3276 2971 3595 3072 cujusli-

481 3081 621 3158 bet
682 3080 1172 3157 Christianae
1232 3080 1428 3179 legis
1496 3078 1915 3156 adversarii
1984 3076 2473 3175 objectiones
2538 3079 2850 3178 posui,·
2887 3084 3378 3184 positasque‘
3408 3112 3589 3188 pro

482 3218 698 3272 meo
764 3217 1097 3296 sapere
1160 3218 1351 3270 cum
1412 3194 1723 3270 ratione
1784 3203 1863 3268 et
1928 3189 2390 3267 auctoritate
2455 3188 2823 3267 destruxi.
2932 3196 3266 3273 Librum
3319 3214 3587 3277 autem

485 3323 753 3388 totum
802 3305 1117 3382 distinxi
1179 3330 1327 3407 per
1376 3304 1816 3403 dialogum,
1895 3316 1992 3378 ut
2053 3301 2373 3377 lectoris
2425 3304 2738 3381 animus
2787 3306 3247 3409 promptior
3294 3311 3435 3390 fiat
3485 3314 3589 3391 ad

486 3418 1149 3521 intelligendum-
1214 3422 1311 3497 In
1373 3418 1725 3497 tutandis
1788 3416 2026 3496 etiam
2078 3414 2719 3496 Christianorum
2777 3420 3220 3500 rationibus
3283 3447 3591 3506 nomen

454 3765 493 3782 ‘
561 3661 643 3741 ¹*)
681 3662 955 3819 Iskrbffl.
991 3662 1202 3818 Jnuigs
1248 3664 1395 3730 hiess
1443 3665 1543 3823 in(¹
1554 3665 1668 3730 den
1712 3664 1963 3824 {ingen
1999 3665 2665 3824 KalcgderrnubnNatzles
2702 3668 2937 3825 ΡΞῑι-Χα
2979 3669 3400 3844 ΞάΡεὲοηιῖε
3443 3669 3589 3826 nach

677 3757 1703 3935 Βῖῧςέζωῖψὲίΐὲἵῑῖἰηῖξῒιίεέηᾶ
1740 3774 2255 3940 Paulie.terG¹:·¹egor
2281 3783 2348 3916 τί.
2390 3784 2677 3938 Gfosoee}
2689 3768 2752 3921 vl
2784 3785 3004 3921 690Ρο
3024 3858 3189 3939 604)
3213 3786 3592 3923 :lbet-affata.

566 4011 583 4018 ,
677 3946 820 4024 fest,
867 3946 988 4008 dass
1035 3961 1128 4008 am
1177 3949 1275 4010 29.
1324 3949 1534 4012 sanius
1588 3951 1684 4013 das
1732 3951 2056 4014 Andenken
2118 3953 2217 4014 des
2274 3950 2547 4035 Apostels
2603 3954 2813 4016 Petrus
2857 3955 3288 4039 vorzugsweise
3345 3954 3594 4038 gefeicrt

678 4041 918 4103 werden
967 4040 1146 4120 nolle,
1211 4044 1330 4104 und
1380 4065 1470 4106 am
1519 4044 1831 4129 folgenden
1882 4047 2042 4130 Τις,
2100 4043 2231 4109 dem
2278 4047 2379 4108 30.
2430 4048 2673 4126 sanius,
2732 4049 2830 4110 das
2877 4049 2978 4111 des
3034 4047 3310 4131 Apostcls
3359 4050 3589 4113 Paulus.

676 4134 841 4196 Aber
887 4136 981 4197 die
1019 4136 1290 4199 Namen
1337 4135 1538 4202 beiden·
1575 4139 1820 4220 Apostel
1871 4139 2058 4202 haben
2108 4140 2229 4202 sich
2268 4142 2425 4205 noch
2463 4143 2551 4206 bis
2592 4093 2698 4207 au’f
2728 4143 2844 4206 den
2883 4141 3161 4227 hcutigen
3196 4143 3357 4229 Τις,
3414 4158 3592 4258 unter

677 4227 807 4292 dem
845 4231 941 4294 29.
979 4229 1153 4306 Jun.,
1211 4230 1277 4293 in
1312 4253 1563 4296 unsel-en
1599 4233 1929 4297 Kelendern
1968 4235 2250 4299 erhalten.
