3969 4580
1780 147 1904 240 37

291 339 636 420 habebat
689 341 779 418 in
831 339 1085 417 domo
1139 362 1300 416 sua.
1412 337 1485 414 4.
1533 335 1812 414 Finitis
1879 348 2066 413 octo
2122 334 2405 414 diebus
2454 334 2906 417 infirmatus
2957 354 3103 433 est,
3177 332 3401 446 quod

293 455 521 551 valde
567 455 902 553 graviter
951 452 1337 532 dominus
1389 450 1491 528 de
1544 452 1802 527 amico
1854 473 2006 526 suo
2057 446 2321 551 serens
2371 453 2639 530 ascivit
2703 480 2987 533 omnes
3035 457 3399 547 medicos
3498 544 3506 551 ,

290 569 806 671 Aegyptiacos
876 581 972 645 ut
1048 567 1397 643 amicum
1470 564 1876 666 hospitem
1939 559 2319 639 viderent.
2441 567 2739 644 Medici
2813 593 3004 672 vero
3079 571 3397 673 palpato

289 683 567 784 pulsu,
614 683 909 759 iterum
961 694 1040 756 et
1084 680 1375 756 iterum
1423 678 1657 757 urina
1704 691 2094 780 respecta,
2165 676 2473 754 nullam
2534 679 2621 755 in
2687 705 2788 759 eo
2851 699 3400 784 cognoverunt

288 795 873 872 infirmitatem:
924 792 1218 871 amoris
1269 790 1641 869 dixerunt
1687 815 1854 869 esse
1902 790 2381 893 passionem.
2480 793 2656 871 Hoc
2708 795 2975 893 agnito
3016 796 3398 876 dominus

290 909 511 986 venit
558 907 661 986 ad
712 930 900 985 eum
951 921 1028 984 et
1077 904 1490 1009 quaesivit,
1564 903 1629 978 si
1697 928 1855 1005 qua
1922 918 2125 980 esset
2169 902 2464 980 mulier
2511 903 2596 979 in
2649 898 2902 983 domo
2956 934 3094 987 sua
3151 937 3394 1014 quam

294 1021 673 1119 diligeret.
770 1026 838 1098 5.
887 1019 1010 1097 Ad
1058 1019 1254 1096 haec
1307 1040 1563 1115 aeger:
1629 1015 1987 1095 Ostende
2046 1017 2250 1092 mihi
2305 1040 2588 1094 omnes
2635 1031 2820 1096 tuae
2873 1020 3170 1100 domus
3215 1048 3396 1100 mu-

292 1134 558 1224 liereS,
608 1148 687 1212 et
733 1134 795 1210 si
846 1131 1056 1209 forte
1101 1132 1309 1208 hanc
1356 1129 1633 1206 videro
1683 1129 1893 1205 inter
1942 1154 2104 1220 eas,
2160 1128 2305 1206 tibi
2358 1129 2798 1208 ostendam.
2845 1175 2947 1191 —-
3022 1140 3211 1232 Quo
3263 1161 3398 1215 au-

297 1246 467 1324 dito
524 1245 870 1336 ostendit
916 1246 991 1322 ei
1043 1243 1495 1321 cantatrices
1548 1255 1625 1318 et
1654 1242 2204 1346 pedissequas,
2257 1269 2601 1345 quarum
2637 1245 2858 1324 nulla
2893 1248 3393 1379 complacuit.

293 1364 487 1437 Post
529 1358 689 1434 hoc
740 1355 1090 1435 ostendit
1138 1356 1210 1431 ei
1262 1377 1545 1431 omnes
1594 1348 1815 1431 filias.
1911 1361 2072 1433 Has
2122 1380 2453 1459 quoque
2504 1354 2707 1433 sicut
2755 1372 2834 1434 et
2878 1361 3187 1462 priores
3221 1386 3400 1439 om·

293 1473 490 1549 nino
543 1471 835 1574 repulit
886 1483 1121 1571 atque
1167 1467 1529 1565 neglexit.
1637 1472 1705 1544 6.
1764 1468 2127 1545 Habebat
2184 1484 2452 1548 autem
2517 1469 2898 1549 dominus
2962 1474 3397 1577 quamdam

294 1586 655 1662 nobilem
701 1582 1055 1687 puellam
1115 1582 1201 1657 in
1266 1578 1521 1657 domo
1583 1604 1761 1670 sua,
1836 1606 2084 1683 quam
2146 1578 2291 1660 diu
2353 1581 2515 1682 jam
2564 1583 3032 1664 educaverat
3076 1602 3173 1665 ut
3221 1611 3397 1664 eam

295 1700 682 1801 acciperet
727 1698 812 1773 in
860 1719 1227 1782 uxorem,
1303 1717 1549 1794 quam
1616 1708 1694 1770 et
1756 1693 2107 1771 ostendit
2157 1696 2251 1771 ei.
2347 1700 2605 1796 Aeger
2647 1722 2844 1775 vero
2892 1713 3199 1801 aspecta
3245 1699 3396 1776 hac

297 1812 439 1889 ait:
534 1815 651 1886 Ex
698 1809 846 1886 hac
890 1821 1017 1884 est
1061 1792 1260 1883 mihi
1308 1830 1568 1895 mors,
1620 1820 1698 1882 et
1746 1830 1839 1883 ex
1885 1806 2035 1883 hac
2085 1830 2265 1886 mea
2313 1810 2490 1885 vita.
2539 1850 2656 1865 -—·
2690 1815 2879 1907 Quo
2931 1813 3209 1890 audito
3263 1811 3398 1888 de·

297 1923 418 2001 dit
465 1944 699 2022 aegro
750 1921 1098 2023 puellam
1149 1917 1508 1994 nobilem
1557 1919 1643 1995 in
1690 1943 2031 1997 uxorem
2082 1944 2269 1997 cum
2322 1922 2705 2000 omnibus
2757 1949 2963 2024 quae
3013 1938 3179 2002 erat
3210 1949 3400 2002 cum

299 2060 388 2115 ea
443 2049 937 2137 acceptum,
1003 2046 1081 2109 et
1125 2044 1527 2133 praeterea
1580 2031 1804 2131 dedit
1852 2031 1923 2108 ei
1977 2054 2068 2107 ea
2119 2055 2325 2134 quae
2375 2047 2540 2109 erat
2588 2034 2920 2112 daturus
2969 2039 3283 2138 puellae
3331 2036 3396 2112 si
3449 2105 3456 2112 .

299 2172 475 2227 eam
528 2148 868 2226 duceret.
931 2187 1028 2204 —-
1101 2145 1246 2231 His
1321 2143 1769 2243 completis,
1847 2158 2157 2245 accepta
2235 2167 2487 2220 uxore
2572 2160 2651 2221 et
2727 2147 2854 2224 his
2929 2174 3136 2251 quae
3212 2173 3398 2226 eum

292 2265 546 2342 uxor'e
595 2271 998 2362 acceperat
1046 2271 1124 2335 et
1170 2254 1708 2355 negotiatione
1752 2253 1951 2335 sacta
2003 2256 2241 2335 rediit
2287 2256 2373 2333 in
2421 2258 2777 2358 patriam.

491 2379 559 2455 7.
611 2372 966 2470 Contigit
1026 2384 1291 2447 autem
1352 2382 1537 2492 post
1595 2369 1790 2446 haec
1852 2385 1946 2447 ut
2003 2369 2521 2470 Aegyptiacus
2585 2375 2864 2451 omnia
2926 2400 3066 2452 sua
3125 2375 3407 2452 multis

297 2486 568 2564 modis
644 2486 1067 2572 amitteret;
1149 2496 1227 2561 et
1297 2483 1606 2583 pauper
1683 2477 2013 2560 effectus
2088 2481 2455 2581 cogitavit
2527 2486 2743 2586 apud
2828 2511 2912 2564 se
2979 2487 3205 2590 quod
3254 2486 3405 2564 iret

291 2598 641 2677 Baldach
692 2598 791 2674 ad
844 2597 1192 2710 amicum
1227 2619 1471 2670 suum
1521 2617 1765 2726 quern
1814 2597 1927 2672 ibi
1979 2595 2339 2682 habebat,
2389 2609 2483 2671 ut
2530 2599 2654 2674 sui
2665 2600 3216 2676 misereretur.
3289 2603 3405 2675 Ita

300 2729 493 2809 ergo
542 2709 815 2825 nudus
866 2722 945 2784 et
988 2706 1399 2784 famelicus
1432 2705 1584 2781 iter
1609 2693 1970 2810 arripuit,
2025 2722 2261 2810 atque
2286 2706 2632 2784 Baldach
2669 2710 3188 2842 intempestae
3214 2734 3406 2788 noc·

295 2825 397 2901 tis
448 2809 793 2900 silentio
812 2820 1187 2923 pervenit.
1233 2858 1330 2875 -
1379 2823 1448 2895 8.
1495 2815 1776 2896 Pudor
1825 2833 2095 2898 autem
2146 2818 2506 2897 obstabat
2541 2822 2610 2897 ei
2648 2847 2752 2899 ne
2788 2822 3020 2899 amici
3058 2823 3402 2901 domum

301 2938 583 3026 adiret,
642 2959 747 3013 ne
795 2933 1005 3013 sorte
1053 2932 1508 3032 incognitus
1556 2931 1691 3007 tali
1742 2947 2108 3035 tempore
2160 2931 2262 3010 de
2312 2911 2568 3011 domo
2616 2936 3063 3040 pelleretur.
3165 2942 3403 3013 Tem·

298 3052 530 3154 plum
581 3073 770 3149 ergo
822 3045 1241 3152 quoddam
1290 3044 1622 3134 intravit,
1670 3059 1765 3122 ut
1811 3045 2119 3123 ibidem
2168 3062 2686 3146 pernoctaret.
2789 3048 2948 3126 Sed
2997 3074 3255 3151 quum
3289 3049 3406 3125 ibi

278 3164 576 3248 ,anxius
653 3163 909 3240 multa
982 3177 1258 3256 secum
1332 3157 1475 3237 diu
1546 3157 1897 3236 volveret
1960 3177 2482 3239 occurrerunt
2555 3163 2628 3239 ei
2695 3162 2865 3241 duo
2941 3163 3090 3238 viri
3149 3184 3409 3265 prope

297 3277 693 3381 templum
743 3276 857 3353 de
897 3273 1236 3362 civitate,
1274 3296 1653 3374 ⁴quorum
1698 3296 1914 3350 unus
1964 3273 2212 3350 alium
2261 3273 2683 3365 interfecit,
2749 3275 3115 3378 clamque
3182 3273 3409 3353 aufu-

301 3394 431 3490 git.
525 3396 596 3468 9.
643 3388 877 3468 Multi
928 3410 1117 3486 ergo
1171 3386 1272 3462 de
1323 3385 1626 3461 civitate
1674 3400 2005 3516 propter
2052 3387 2468 3487 strepitum
2521 3403 3015 3468 accurrentes
3047 3381 3418 3462 interfec-⁴

299 3518 479 3582 tum
516 3502 963 3604 reperiunt,
1041 3513 1119 3577 et
1180 3511 1646 3603 quaerentes
1712 3499 2085 3601 quisnam
2132 3499 2672 3580 homicidium
2709 3511 3241 3630 perpetrasset
3286 3499 3409 3575 in·

299 3629 708 3696 traverunt
767 3613 1193 3730 templum,
1274 3624 1673 3713 sperantes
1733 3609 2043 3688 ibidem
2105 3611 2602 3692 homicidam
2661 3612 3028 3718 reperire.
3158 3614 3409 3742 Aegy·
3529 3656 3537 3668 ·

307 3730 654 3834 ptiacum
702 3751 892 3803 vero
944 3728 1053 3803 sic
1101 3723 1260 3801 illic
1286 3725 1712 3826 reperiunt,
1765 3738 1842 3801 et
1886 3723 2362 3804 sciscitantes
2415 3728 2513 3804 ab
2566 3745 2664 3803 eo
2719 3725 3088 3827 quisnam
3138 3724 3402 3802 virum
3435 3741 3452 3751 ·

302 3841 822 3921 interfecisset
870 3838 1297 3918 audierunt
1344 3838 1442 3913 ab
1495 3863 1627 3915 eo.
1675 3842 1849 3938 Ego
1883 3836 2242 3916 interfeci
2294 3864 2504 3916 eum.
2552 3879 2653 3894 -
2703 3843 2818 3915 10.
2852 3844 3407 3939 Paupertatem

304 3957 522 4034 enim
572 3979 804 4033 suam
850 3967 1115 4030 morte
1164 3950 1438 4027 saltem
1488 3950 1722 4030 finire
1773 3952 2158 4054 cupiebat.
2260 3955 2555 4052 Captus
2623 3933 2893 4054 itaque
2944 3963 3020 4026 et
3067 3951 3411 4028 incarce-

302 4086 526 4168 ratus
575 4083 707 4148 est.
805 4072 1045 4146 Mane
1096 4075 1364 4142 autem
1411 4060 1659 4154 sacto,
1706 4066 2143 4168 perductus
2198 4077 2376 4146 ante
2426 4062 2858 4162 judices—et
2905 4079 3171 4141 morte
3221 4085 3414 4140 con·

242 4171 249 4178 ²
305 4182 762 4272 demnatus‚
813 4180 1143 4260 ducitur
1191 4177 1294 4276 ad
1344 4201 1685 4255 crucem.
1806 4178 2043 4257 Multi
2110 4201 2298 4277 ergo
2379 4177 2480 4255 de
2540 4201 2778 4256 more
2855 4188 3410 4264 occurrerunt,
