3969 4580
2084 112 2211 205 38

604 322 961 404 quorum
1020 322 1236 376 1111115
1296 295 1451 378 fuit
1513 298 1819 377 amicus
1886 322 2116 387 suus,
2193 298 2422 399 cujus
2475 325 2707 377 causa
2757 297 3056 377 adierat
3098 296 3467 397 Baldach.
3565 296 3714 373 Hic

607 415 917 493 acutius
967 437 1155 491 eum
1204 413 1524 490 intuens
1575 413 2107 516 deprehendit
2154 437 2323 491 esse
2373 416 2722 491 amicum
2774 437 3020 514 quem
3067 414 3155 490 in
3189 415 3543 513 Aegypto
3593 435 3713 488 re·

601 529 959 630 liquerat.
1082 531 1196 603 11.
1258 527 1833 619 Reminiscens„
1886 529 2156 629 itaque
2238 527 2662 609 bonorum
2730 526 2936 628 quae
2998 526 3147 603 sibi
3208 526 3293 600 in
3358 526 3714 625 Aegypto
3803 594 3816 605 .

603 641 921 730 fecerat,
995 639 1517 741 cogitansque
1576 641 1807 743 quod
1870 655 2061 744 post
2122 655 2471 717 mortem
2535 641 2607 716 ei
2669 639 3106 716 retribuere
3156 662 3325 715 non
3374 649 3713 739 poterat,

604 769 955 832 mortem
1027 756 1177 854 pro
1253 753 1393 829 illo
1470 777 1555 830 se
1628 754 1903 831 subire
1976 754 2339 838 decrevit.
2437 756 2658 833 Voce
2724 775 2916 852 ergo
2974 776 3264 853 magna
3323 748 3716 827 clamavit:

609 867 827 965 Quid
878 868 1392 943 innocentem
1443 866 2040 945 condemnatis?
2138 873 2423 964 Quove
2474 891 2663 943 eum
2707 866 3037 943 ducitis?
3132 871 3316 943 Non
3365 877 3719 940 mortem

528 1022 545 1029 ·
606 981 920 1056 meruit.
1004 982 1174 1076 Ego
1211 979 1477 1055 virum
1510 980 1888 1058 interfeci.
1917 1020 2020 1084 5—-
2099 984 2215 1056 12.
2262 982 2364 1055 At
2406 980 2520 1055 illi
2572 977 3016 1078 injecerunt
3060 1002 3351 1054 manus
3382 977 3471 1051 in
3508 1000 3715 1064 eum,

612 1108 846 1194 atque
895 1093 1227 1190 ligatum
1278 1116 1551 1167 secum
1604 1093 1705 1169 ad
1757 1119 2078 1173 crucem
2127 1107 2563 1183 traxerunt,
2634 1093 3044 1194 aliumque
3096 1117 3138 1167 a
3187 1114 3448 1191 poena
3500 1113 3719 1163 mor-

611 1208 711 1283 tis
759 1196 1185 1283 solv.erunt
1281 1207 1708 1284 Homicida
1765 1231 1957 1285 vero
2020 1208 2105 1282 in
2176 1206 2469 1283 eodem
2530 1207 2845 1305 agmine
2906 1206 3101 1280 haec
3161 1204 3482 1279 intuens
3548 1225 3715 1299 gra·

615 1320 1015 1410 diebatur,
1066 1333 1302 1419 atque
1351 1342 1625 1428 secum
1674 1334 2046 1398 tractans:
2119 1323 2356 1396 Hunc
2416 1343 2567 1418 ego
2611 1316 3007 1406 interfeci,
3072 1329 3150 1392 et
3194 1317 3341 1392 iste
3393 1313 3718 1392 damna-

612 1437 785 1515 tui?
879 1433 1027 1509 Hic
1086 1420 1475 1509 innocens
1536 1434 1931 1536 supplicio
2000 1433 2453 1535 deputatur,
2540 1455 2688 1531 ego
2754 1455 2944 1508 vero
2977 1434 3311 1506 nocens
3361 1427 3720 1504 libertate

614 1545 888 1623 fruor?
966 1549 1400 1640 Quaenam
1452 1561 1569 1623 est
1616 1572 1846 1624 causa
1897 1545 2140 1643 hujus
2189 1542 2659 1642 injustitiae?
2752 1542 3076 1631 Nescio,
3148 1540 3300 1616 nisi
3351 1540 3521 1617 sola
3570 1539 3717 1617 Dei

611 1658 986 1762 patientia
1033 1658 1155 1733 sit.
1249 1662 1555 1738 Verum
1604 1663 1827 1737 Deus
1887 1657 2126 1758 judex
2175 1656 2470 1757 justus3
2543 1658 3073 1763 impunitum
3097 1653 3351 1730 scelus
3400 1651 3721 1731 nullum

617 1771 972 1856 dimittit3
1042 1793 1147 1845 ne
1172 1769 1437 1869 igitur
1483 1772 1884 1874 posterius
1945 1773 2032 1847 in
2093 1795 2227 1848 me
2278 1769 2559 1847 durius
2609 1769 2982 1859 vindicet,
3043 1752 3298 1881 hujus
3346 1791 3482 1843 me
3529 1790 3717 1868 pro-

616 1884 805 1969 dam
870 1880 1224 1960 criminis
1276 1906 1442 1960 0550
1490 1909 1760 1974 1011111,
1827 1886 2101 1986 sicque
2163 1882 2554 1961 solvendo
2617 1906 2757 1960 eos
2816 1908 2858 1959 a
2906 1895 3172 1958 morte
3221 1878 3451 1982 quod
3501 1904 3722 1956 com-

614 1997 799 2073 misi
861 1997 1081 2072 luam
1141 2011 1735 2096 1100031010-
1816 2003 1930 2074 13.
1984 1996 2313 2097 Objicit
2340 2020 2425 2073 se
2490 2019 2677 2095 ergo
2745 1994 3102 2096 periculo
3172 1993 3477 2070 dicens:
3549 1999 3721 2081 Me,

613 2133 769 2199 me,
817 2109 956 2211 qui
1007 2106 1158 2184 feci
1207 2109 1748 2187 homicidium
1795 2109 2033 2199 istud,
2085 2111 2354 2212 capite,
2404 2109 2654 2186 istum
2701 2108 3070 2187 dimittite
3118 2106 3573 2182 innoxium!
3624 2146 3719 2161 -

614 2220 935 2299 Judices
986 2235 1251 2298 autem
1302 2245 1472 2300 non
1521 2248 1811 2326 parum
1863 2221 2348 2299 admirantes
2393 2223 2833 2322 ligaverunt
2878 2219 3130 2311 hunc,
3183 2220 3338 2298 alio
3382 2245 3424 2298 a
3459 2232 3725 2298 morte

617 2334 916 2420 soluto;
981 2331 1304 2436 jamque
1368 2336 1468 2413 de
1517 2335 1820 2434 judicio
1872 2334 2323 2411 dubitantes
2371 2334 2591 2412 hunc
2641 2359 2829 2418 cum
2876 2334 3205 2436 reliquis
3254 2334 3478 2436 prius
3524 2334 3721 2412 libe·

613 2447 801 2524 ratis
853 2458 1031 2522 31110
1078 2469 1350 2543 1030111
1400 2447 1932 2535 adduxerunt,
2010 2447 2248 2548 eique
2310 2447 2584 2524 omnia
2648 2472 2739 2524 ex
2789 2447 3077 2524 ordine
3124 2445 3553 2523 referentes
3603 2448 3724 2549 i'p-

617 2584 801 2638 sum
874 2560 1111 2635 etiam
1186 2558 1568 2636 haesitare
1640 2559 2020 2636 fecerunt.
2142 2561 2582 2637 Communi
2659 2561 2930 2662 itaque
2995 2559 3332 2638 consilio
3396 2583 3534 2636 rex
3609 2560 3723 2635 eis

616 2695 864 2754 omne
913 2671 1216 2747 crimen
1267 2671 1495 2773 quod
1545 2672 1697 2749 sibi
1746 2673 2299 2775 imposuerant
2345 2674 2858 2762 condonavit,
2911 2698 3008 2752 eo
3047 2687 3313 2750 tamen
3359 2687 3593 2774 pacto
3625 2686 3726 2749 ut

616 2784 973 2863 criminis
1032 2784 1185 2862 sibi
1231 2785 1587 2887 impositi
1655 2805 1926 2875 causas
1974 2786 2519 2891 patefacerent.
2641 2788 2744 2863 At
2813 2785 2926 2861 illi
2998 2784 3115 2860 rei
3178 2785 3584 2861 veritatem
3647 2786 3724 2862 ei

619 2910 1177 3001 exposuerunt.
3250 2925 3258 2934 ,

812 3013 927 3087 14.
993 3008 1434 3104 Communi
1520 3025 1791 3088 autem
1880 3035 2281 3091 consensu
2351 3011 2735 3090 omnibus
2809 3001 3231 3102 absolutiS,
3312 3007 3721 3108 indigena,

621 3123 761 3225 qui
809 3147 959 3225 pro
1012 3122 1269 3199 amico
1320 3122 1535 3199 mori
1587 3107 2066 3214 decreverat,
2115 3125 2385 3225 ipsum
2433 3123 2519 3198 in
2570 3124 2918 3203 domum
2966 3137 3199 3204 suam
3245 3123 3722 3213 introduxit,

621 3236 878 3338 eique
909 3236 1135 3313 omni
1182 3236 1499 3312 honore
1545 3262 1698 3337 pro
1750 3237 1912 3314 ritu
1958 3235 2204 3325 facto,
2256 3235 2478 3313 dixit·
2530 3239 2614 3316 Si
2661 3264 2987 3319 mecum
3035 3240 3361 3316 manere
3402 3238 3719 3338 acquie-

621 3349 808 3440 scis,
860 3347 1134 3426 omnia
1183 3348 1423 3425 nobis
1483 3364 1733 3453 prout
1776 3350 2010 3428 decet
2053 3364 2289 3427 erunt
2337 3354 2819 3430 communia.
2923 3354 3007 3431 Si
3056 3377 3246 3429 vero
3295 3353 3723 3453 repatriare
3765 3339 3774 3348 ⁹

516 3475 541 3488 ”
619 3461 995 3550 volueris,
1072 3486 1276 3562 quae
1337 3487 1517 3541 mea
1568 3477 1759 3542 sunt
1805 3488 2058 3566 aequa
2106 3462 2328 3541 lance
2374 3466 2829 3566 partiamur.
2874 3505 2979 3524 —-·
3057 3469 3158 3544 At
3203 3466 3366 3553 ille,
3439 3464 3720 3542 natalis

623 3575 772 3658 soli
825 3573 1251 3651 dulcedine
1301 3574 1654 3666 311001115,
1719 3590 2030 3678 partem
2078 3577 2321 3654 totius
2372 3578 2857 3658 substantiae
2907 3579 3356 3681 quam-‘sibi
3408 3578 3717 3657 obtule-

526 3787 537 3791 ,
622 3701 743 3765 rat
787 3689 1113 3788 recepit,
1163 3688 1437 3791 sicque
1486 3691 1951 3791 repatriavit.
2107 3706 2112 3712 ’

2057 3925 2064 3931 ·
2090 3873 2271 3978 IV..

671 4138 690 4156 ·
742 4140 759 4156 .
819 4030 886 4100 1.
951 4023 1146 4188 ‘His’
1172 4024 1445 4128 itaque
1491 4028 1752 4108 relatis
1798 4030 2066 4132 inquit
2111 4027 2326 4128 filius
2377 4031 2476 4108 ad
2525 4047 2864 4133 patrem:
2963 4035 3110 4113 Vix
3155 4033 3451 4137 poterit
3494 4021 3758 4137 repe?

627 4164 764 4215 1111
815 4161 1146 4215 311110115.
