3969 4580
2038 139 2160 233 58

546 336 704 415 niis
788 348 867 413 et
936 331 1235 436 quibus
1280 329 1609 409 artibus
1684 349 1977 433 puero·
2030 327 2518 409 abstraheret.
2585 328 2988 425 domum,
3045 330 3463 431 cogitabat.
3562 334 3665 419 At

546 450 853 551 juvenis
903 446 1351 525 secundum
1418 467 1654 545 posse
1716 466 1963 557 suum
2020 442 2630 549 familiaritatem
2698 444 2870 544 ejus
2927 444 3326 538 devitavit.-
3415 446 3664 525 Deni-

550 587 711 666 que
776 562 1277 641 contristatus
1328 558 1560 637 dives
1622 556 1773 635 ille-
1821 582 2055 639 causa
2099 556 2447 646 domus,
2511 573 2592 635 et
2650 559 2878 662 quod
2925 583 3100 647 non
3148 575 3422 662 posset
3466 584 3665 681 pue-5

545 702 736 755 :rum
789 675 1173 775 decipere,
1226 670 1576 774 quadam
1613 670 1748 749 die
1779 672 1997 748 venit
2039 666 2145 748 ad
2194 698 2542 775 puerum
2591 687 2672 750 et
2717 675 2985 777 inquit
3023 674 3148 751 ei:-
3199 679 3272 765 3.
3326 678 3400 765 Q
3439 700 3662 777 puer,

548 787 1076 869 accommoda
1124 786 1329 863 mihi
1378 810 1704 886 parvam
1753 799 1939 862 tuae
1989 786 2252 867 curiae
2301 802 2610 889 partem
2659 789 2940 891 pretio,
2994 790 3386 891 quoniam
3435 789 3523 865 in
3571 814 3664 881 ea

448 929 453 937 ·
548 905 703 981 sub
753 917 959 979 terra
1011 900 1293 977 decem
1341 899 1687 976 tonellos
1738 923 1928 975 cum
1981 899 2166 977 oleo
2215 899 2625 979 custodire
2672 899 2882 991 volo,
2943 916 3021 983 et
3068 904 3269 980 nihil
3318 902 3486 983 tihi
3505 926 3666 980 no·

550 1017 778 1106 (tebit,
827 1014 970 1093 sed
1018 1014 1349 1095 habebis
1381 1013 1573 1090 inde
1608 1011 1939 1113 aliquod
1976 1028 2700 1113 sustentamentum
2730 1015 2952 1101 vitae.
2999 1060 3103 1081 -ι-
3147 1023 3362 1103 Puer
3395 1030 3665 1108 autem

551 1144 872 1209 coactus
921 1128 1379 1205 necessitate
1424 1127 1834 1215 concessit,
1887 1141 1965 1204 et
2015 1125 2240 1207 dedit
2288 1126 2360 1205 ei
2412 1129 2668 1215 claves
2715 1129 3058 1209 domus.
3149 1152 3156 1161 ·
3237 1200 3246 1211 ,
3515 1178 3520 1185 ·

746 1246 814 1318 4.
911 1242 1238 1321 Juvenis
1288 1256 1478 1319 vero
1527 1238 1851 1315 interim
1914 1263 2151 1316 more
2209 1239 2456 1317 solito
2516 1231 2787 1319 liberis
2837 1242 3275 1321 liberaliter
3320 1242 3667 1335 serviens

548 1354 848 1431 victum
898 1354 1381 1457 perquisivit.
1479 1354 1585 1429 At
1630 1351 1850 1429 dives
1898 1353 2181 1443 homo,
2236 1354 2573 1454 acceptis
2625 1355 3014 1444 clavibus,
3080 1357 3385 1443 curiam
3450 1354 3668 1454 juve·-

548 1467 677 1545 nis
726 1466 1177 1547 suffodiens
1224 1467 1588 1569 quinque
1634 1466 1981 1548 tonellos
2048 1467 2335 1569 plenos
2383 1466 2541 1544 olei
2591 1469 2704 1547 ibi
2753 1468 3246 1560 recondidit,
3303 1483 3383 1549 et
3432 1470 3668 1571 quin<-

552 1605 714 1683 que
780 1581 1184 1660 dimidios.
1278 1585 1381 1661 Et
1441 1580 1600 1657 hoc
1663 1579 1874 1659 facto
1938 1580 2314 1680 juvenem
2379 1580 2822 1670 advocavit,
2887 1582 3316 1684 clavesque·
3367 1582 3669 1661 domus

548 1693 665 1771 illi
715 1695 1074 1773 tribuens
1122 1696 1414 1797 inquit:
1468 1697 1540 1772 Ο
1591 1692 1918 1793 juvenis,
1967 1719 2247 1770 meum
2297 1693 2442 1771 tibi
2494 1696 2917 1772 committo
2971 1695 3248 1772 oleum
3300 1709 3538 1799 atque
3577 1696 3666 1785 in

546 1821 775 1892 tuam
826 1806 1275 1887 custodiam
1326 1807 1580 1887 trado.
1628 1824 1730 1866 -'-
1785 1809 2120 1889 Juvenis
2167 1808 2500 1909 simplex
2545 1823 2837 1909 putans
2885 1809 3244 1887 tonellos.
3285 1830 3453 1921 esse
3499 1810 3668 1911 ple-

550 1944 705 2005 nos
733 1945 1036 2011 omnes,
1084 1921 1174 1996 in
1220 1921 1674 2001 custodiam
1723 1923 2035 2024 recepit.
2133 1925 2201 2001 5.
2253 1925 2354 1998 At
2401 1936 2587 2021 post
2619 1922 2958 2021 longum
2984 1923 3669 2025 tempuscontigit

551 2035 779 2136 quod
831 2037 918 2110 in
968 2050 1174 2111 terra
1222 2035 1355 2111 illa
1422 2036 1701 2113 oleum
1763 2060 2040 2114 carum
2091 2033 2263 2113 fuit.
2360 2035 2599 2111 Dives
2660 2034 2820 2115 hoc
2882 2034 3163 2113 videns
3219 2060 3481 2139 puero
3543 2038 3668 2133 in-

552 2148 775 2250 quit:-
819 2150 894 2225 O
950 2148 1219 2237 amice,
1267 2150 1468 2238 veni,
1522 2165 1599 2227 et
1648 2147 1929 2247 adjuva
1978 2173 2116 2225 me
2167 2148 2440 2226 oleum
2494 2146 2872 2239 effodere,
2945 2149 3173 2251 quod
3232 2165 3416 2245 tuae
3469 2149 3667 2249 jam-

556 2259 878 2347 dudum
932 2261 1490 2340 commendavi
1548 2261 1998 2352 custodiae,
2051 2276 2131 2348 et
2194 2261 2489 2337 laboris
2552 2263 2903 2362 pretium
2955 2264 3288 2366 accipies
3336 2277 3414 2342 et
3450 2278 3668 2344 'tute-

551 2373 695 2450 lae.
722 2416 821 2429 —
850 2376 1197 2464 Juvenis,
1251 2376 1515 2452 audita
1550 2401 1784 2477 prece
1820 2402 2008 2452 cum
2046 2375 2328 2476 pretio,
2381 2372 2601 2451 diviti
2638 2378 3042 2466 concessit,
3089 2393 3183 2455 ut
3215 2376 3666 2466 secundum

547 2512 787 2590 posse
836 2511 1079 2564 suum
1131 2512 1321 2565 eum
1369 2487 1688 2587 juvaret.
1786 2491 2028 2565 Dives
2093 2513 2263 2565 non
2331 2487 2632 2564 oblitus
2678 2512 2870 2565 suae
2917 2488 3223 2568 fraudis
3272 2492 3664 2593 nequissi-

546 2625 732 2688 mae
793 2599 1123 2680 adduxit
1181 2602 1556 2680 homines
1614 2617 1711 2680 ut
1784 2603 2061 2682 oleum
2136 2616 2526 2690 emerent,
2600 2602 2898 2704 quibus
2959 2602 3322 2682 adductis
3370 2619 3668 2712 terram

552 2729 1056 2816 aperuerunt,
1108 2728 1185 2792 et
1228 2716 1593 2818 quinque
1642 2713 1988 2808 tonellos
2036 2717 2319 2818 plenos
2367 2731 2449 2796 et
2499 2717 2896 2818 quinque
2887 2716 3298 2796 dimidios
3344 2709 3670 2806 invene*

548 2842 763 2942 runt.
847 2832 915 2903 6.
966 2829 1365 2931 Perceptis
1415 2826 1704 2914 talibus
1757 2831 2061 2908 vocavit
2108 2853 2457 2931 puerum
2499 2830 2613 2904 ita
2663 2826 3048 2904 dicendo·
3095 2829 3391 2916 Amice,
3431 2851 3669 2908 causa

545 2923 733 3018 tuae
783 2942 1191 3028 custodiae
1242 2944 1469 3022 amisi
1521 2945 1828 3035 oleum‘,
1890 2946 2221 3044 insuper
2271 2941 2502 3043 quod
2560 2941 2705 3020 tibi
2775 2940 3148 3018 commisi
3195 2937 3668 3020 fraudulen-

547 3067 675 3131 ter
724 3056 1128 3134 abstulisti.
1232 3063 1740 3159 Quapropter
1784 3058 1972 3134 volo
2023 3073 2118 3133 ut
2165 3056 2362 3131 mihi
2414 3078 2592 3129 mea
2643 3054 3024 3131 restituas,
3049 3095 3151 3110 --
3244 3053 3386 3148 His
3436 3051 3669 3131 dictis

550 3190 744 3245 eum
781 3171 1150 3273 cepit‚'et‚
1198 3169 1432 3246 vellet
1479 3168 1746 3256 nollet,
1797 3170 1896 3244 ad
1947 3168 2327 3266 justitiam
2379 3165 2726 3242 adduxit.
2793 3167 3103 3264 Justitia
3155 3191 3347 3244 eum
3384 3147 3666 3242 videns
3747 3260 3754 3266 ,

552 3287 958 3361 accusavit.
1063 3281 1221 3359 Sed
1272 3280 1579 3380 juvenis
1630 3281 1830 3383 quid
1881 3297 2156 3359 contra
2197 3281 2496 3357 diceret
2544 3278 2885 3355 nescivit.
2958 3281 3060 3355 At
3105 3294 3374 3356 tamen
3422 3278 3665 3355 indu-

549 3394 707 3472 cias
754 3399 999 3473 u'nius
1052 3395 1210 3470 diei
1266 3394 1664 3495 quaesivit,
1717 3394 1944 3495 quod
1981 3389 2232 3493 judex
2285 3394 2471 3496 quia
2519 3391 2822 3489 justum
2873 3406 3041 3468 erat
3091 3385 3498 3470 concessit.
3577 3459 3584 3462 ,

745 3513 814 3586 7.
862 3513 998 3585 =In
1060 3507 1367 3583 civitate
1436 3521 1703 3584 autem
1768 3509 1915 3600 ista
1978 3508 2446 3590 morabatur
2495 3504 2828 3607 quidam
2881 3506 3456 3610 philosophus,
3518 3508 3660 3609 qui

551 3621 1272 3718 cognominabatur
1326 3621 1826 3700 Auxilium
1890 3621 2425 3721 egentium,
2477 3620 2769 3698 ‘bonus
2845 3620 3136 3722 homo,
3189 3634 3296 3706 et,
3346 3620 3665 3722 religio·

553 3757 707 3834 sus.
804 3734 1141 3810 Juvenis
1195 3748 1495 3822 autem,
1550 3736 1840 3811 audito
1909 3736 2289 3813 bonitatis
2343 3734 2563 3812 illius
2623 3735 3092 3836 praeconio,
3156 3734 3666 3837 perrexjtstd

552 3868 765 3936 eum,
819 3848 1361 3951 quaesivitque
1409 3850 1509 3926 ah
1563 3873 1663 3926 eo
1698 3849 2148 3939 consiliu-m,
2200 3849 2512 3930 dicens:
2571 3849 2661 3926 Si
2701 3873 2902 3942 vera.
2942 3863 3132 3940 sunt
3180 3871 3386 3951 quae
3439 3846 3541 3950 de
3582 3862 3664 3926 te

554 3957 782 4050 mihi,
831 3961 1361 4042 referentibus
1394 3964 1689 4053 multia,
1736 3978 1924 4041 sunt
1972 3964 2197 4053 dicta,
2255 3987 2486 4040 more
2539 3960 2982 4060 domestico
3030 3962 3154 4040 fer
3201 3963 3403 4038 mihi
3455 3962 3670 4063 auxi-

553 4072 790 4162 linm;
866 4079 1159 4164 etenim
1211 4076 1499 4176 injuste
1551 4103 1900 4159 accusor.
1968 4118 2069 4134 —
2165 4077 2711 4178 Philosophus
2762 4075 3029 4158 audita
3077 4100 3313 4178 prece
3357 4074 3669 4177 juvenis

551 4186 1067 4304 interrogavit
1115 4194 1179 4272 si
1228 4191 1433 4294 juste
1464 4192 1587 4274 vel
1637 4191 1929 4294 injuste
1964 4181 2506 4290 accusaretur?
2533 4231 2651 4280 ,--
2687 4191 3046 4289 1ὖιιῑτεεηί5,
3097 4190 3326 4294 ‹luod
3374 4189 3668 4292 injuste
