3969 4580
1776 131 1899 223 67

418 317 589 394 1-0
662 314 930 396 Alius}
977 318 1169 395 Non
1220 313 1569 418 deneges
1611 319 1882 396 Deum
1930 326 2270 459 propter
2314 333 2893 423 paupertatem,
2943 336 3023 405 et
3067 339 3398 430 propter

268 427 583 509 divitias
633 430 805 508 noli
856 432 1355 532 superbires
1510 496 1521 507 ,
3007 502 3018 517 .

466 549 582 621 11.
659 542 917 621 Altus:
968 544 1361 646 Quisqms
1404 466 1671 622 multa
1708 544 1947 676 cupit,
1998 541 2287 643 majori
2331 490 2548 627 farne
2599 548 2929 633 calescit.

465 659 582 732 12
655 659 883 736 Alius
944 658 1549 759 philosophus·-
1592 658 1677 734 Si
1766 658 1887 734 vis
1956 658 2045 734 in
2119 659 2279 735 hoc
2339 659 2655 739 saeculo
2719 676 3030 740 tantum
3096 664 3396 749 habere

181 840 207 865 ,
264 783 668 871 ‘quantum
719 768 1124 847 suffecerit
1169 785 1529 859 naturae,
1592 794 1797 846 non.
1828 771 2185 849 multum
2249 773 2560 850 decebit
2610 796 3123 874 congregare3
3192 794 3270 855 et
3322 783 3387 857 si

265 880 571 983 cupido
622 880 1066 981 satisfacere
1116 884 1465 961 volueris
1515 885 1825 972 animo,
1889 884 2074 961 licet
2140 888 2629 985 congregatis
2682 912 3240 992 quaecumque
3303 894 3393 971 in

261 998 441 1074 toto
493 996 804 1072 ambitu
834 997 1123 1071 mundi
1164 997 1679 1075 continentur
1710 997 2023 1084 divitiis,
2078 997 2244 1079 sitis
2292 1010 2560 1079 tamen
2599 998 2911 1079 ardebit
2955 1001 3330 1080 habendi.

464 1111 581 1184 13.
654 1108 909 1185 Alina.
962 1110 1120 1203 Qui
1171 1128 1405 1211 parce
1454 1135 1599 1188 sua
1648 1109 2076 1211 dispendit,
2128 1109 2274 1189 diu
2324 1109 2735 1190 durabunt
2785 1114 2854 1190 ei
2906 1139 3289 1215 possessa.

459 1223 593 1297 14.
650 1222 913 1299 Alius:
957 1221 1213 1300 Radix
1256 1222 1474 1324 pacis
1522 1236 1661 1314 est,
1710 1222 1965 1301 aliena
2013 1247 2185 1301 non
2220 1246 2530 1326 cupere,
2582 1239 2662 1302 et
2705 1225 3014 1303 fructus
3063 1226 3232 1326 ejus
3267 1244 3387 1308 est

259 1332 627 1436 requiem
678 1335 996 1411 habere.
2579 1394 2586 1401 .

455 1449 569 1522 15.
644 1448 899 1525 Alius:
954 1448 1114 1544 Qui
1163 1448 1334 1525 vult
1380 1446 1834 1550 relinquere
1881 1447 2328 1536 saeculum,
2376 1447 2638 1527 videat
2685 1474 2790 1526 ne
2842 1451 3148 1554 aliquid
3197 1456 3382 1531 reti-

254 1570 442 1634 neat
489 1558 720 1661 quod
758 1558 989 1636 illius
1032 1563 1139 1637 sit
1178 1562 1547 1664 partium,
1600 1561 1990 1669 quoniam
2024 1559 2501 1639 tantundem
2535 1558 2829 1640 valeret
2875 1590 2962 1641 ac
3012 1567 3080 1641 si
3130 1564 3376 1667 paleis

197 1769 213 1779 ὀ
253 1669 533 1771 iguem
584 1674 1091 1771 extingueret.
3341 1702 3352 1731 ι

453 1788 572 1861 16.
646 1785 901 1864 Alius:
954 1788 1115 1883 'Q'ui
1164 1789 1591 1889 pecuniam
1650 1802 2093 1889 congregat,
2141 1787 2497 1871 multum
2527 1788 2873 1879 laborat,
2923 1790 3204 1887 vigihis
3256 1812 3379 1873 car-

254 1897 482 1975 lfflcit
541 1922 649 1976 ne
708 1898 1008 2002 perdat.
1103 1900 1230 1979 Ad
1302 1902 1707 2051 ultimum
1759 1902 1988 1980 dolet
2059 1903 2449 2003 quoniam
2497 1902 2790 2004 perdit
2862 1902 3128 2004 quod
3165 1904 3374 1982 'obtiv-

254 2024 561 2089 fluerat.
662 2036 673 2051 ·
884 2070 891 2077 -
3337 2060 3348 2073 -

448 2122 1097 2228 -17,1)iscipu1us
1144 2125 1577 2256 magistro:-
1609 2072 1922 2201 Laudas
1974 2148 2456 2223 congregare
2503 2125 2975 2229 pecuniam?

443 2239 853 2344 Magister.
917 2238 1199 2326 Laudo
1267 2238 1675 2342 acquirere
1721 2236 1959 2337 juste,
2027 2253 2105 2317 et
2150 2240 2238 2317 in
2286 2239 2513 2318 bono
2567 2237 3031 2340 expendere3
3083 2262 3231 2318 nec
3281 2240 3370 2317 in

248 2347 628 2430 thesauro
680 2352 1142 2432 recondere.
2853 2373 2866 2394 ·

338 2467 345 2476 ‘
443 2471 560 2546 18.
635 2467 897 2545 Alius:
947 2472 1071 2543 Ne
1122 2463 1523 2542 desideres
1570 2489 1703 2542 res
1750 2465 2088 2555 alterius,
2135 2478 2234 2542 et·
2268 2489 2372 2542 ne
2410 2464 2684 2542 doleas
2729 2464 2839 2541 de
2891 2465 3212 2542 amissis·
3245 2488 3367 2541 re»

245 2580 425 2670 bus,
476 2577 873 2684 quoniam
923 2578 1211 2654 dolore
1256 2577 1463 2649 nihil
1512 2578 1673 2654 erit.
1705 2578 2267 2679 recuperabile,
2318 2578 2543 2656 unde
2593 2578 2912 2655 dicitur:

1508 2743 2220 2870 ‚xx111.·''

444 2922 511 2996 1.
598 2918 952 3015 Quidam
1013 2915 1272 2993 homo
1336 2912 1621 2991 habuit
1683 2917 2153 3014 virgultum,
2213 2915 2303 2991 in
2368 2940 2534 3018 quo
2597 2911 2872 2993 rivulis
2921 2914 3360 3003 fluentibus

214 3031 495 3110 ,herba
541 3029 817 3109 viridis
869 3044 1051 3119 erat,
1092 3031 1193 3106 'et
1255 3053 1406 3130 pro
1472 3028 1877 3106 habilitate
1941 3029 2098 3108 loci
2167 3029 2748 3112 conveniebant
2811 3029 2942 3106 ibi·
2975 3030 3361 3119 volucres,

243 3144 804 3224 modulamine
852 3167 1156 3224 vocum
1207 3158 1481 3224 cantus
1533 3141 1890 3221 diversos
1942 3155 2406 3220 exercentes.
2510 3142 2882 3239 Quadam
2931 3142 3118 3233 die,
3160 3143 3364 3230 dum

220 3257 465 3336 ,idem
515 3260 636 3336 vir
678 3260 766 3335 in
818 3284 968 3335 suo
1020 3256 1386 3353 fatigatus
1439 3258 1877 3357 quiesceret
1936 3257 2344 3356 pomerio,
2414 3255 2812 3356 quaedam
2855 3243 3178 3339 avicula
3219 3273 3361 3342 ειιι·
3419 3285 3458 3298 ·-

240 3395 391 3476 per
440 3373 812 3451 arborem
864 3370 1259 3448 cantando
1314 3369 1880 3446 delectabiliter
1930 3363 2311 3445 consedit.
2409 3372 2478 3443 2.
2557 3374 2821 3463 Quam
2881 3381 2976 3444 ut
3009 3351 3235 3442 vidit
3285 3380 3363 3442 et

246 3481 419 3581 ejus
482 3499 804 3561 cantum
868 3482 1225 3571 audivits
1268 3480 1680 3583 deceptam
1744 3457 2035 3583 laqueo
2106 3480 2406 3556 sumsit.
2506 3481 2633 3556 Ad
2700 3504 2945 3580 quem
2997 3479 3157 3553 avis
3224 3478 3361 3554 ait.

245 3597 420 3673 Gur
479 3607 793 3672 tantum
852 3594 1224 3672 laborasti
1286 3605 1382 3672 'ut
1439 3621 1574 3674 me
1637 3596 2028 3696 caperes?
2060 3592 2226 3672 Vel
2262 3589 2461 3708 quid
2527 3590 2990 3691 proficuum
3038 3590 3140 3686 in3
3175 3613 3357 3665 mea

243 3708 616 3810 captione
680 3708 1079 3809 speravisti
1142 3708 1480 3786 habere?
1539 3722 1642 3768 ;....
1699 3708 1825 3787 Ad
1885 3707 2081 3784 haec
2139 3689 2436 3782 homo':
2515 3702 2751 3780 Solos
2827 3717 3101 3782 cantus
3168 3715 3355 3798 tuos

247 3820 527 3899 audire
564 3819 970 3900 desidero.
1018 3859 1149 3886 —····
1167 3823 1247 3895 Ι3
1300 3821 1483 3900 Cui
1503 3820 1743 3900 avisz
1736 3820 2004 3904 Nihil
2028 3820 2172 3898 tibi
2221 3816 2569 3922 prodest,
2607 3817 2808 3917 quia
2856 3828 3160 3911 retenta
3207 3837 3356 3908 nec

243 3957 483 4033 prece
528 3957 677 4011 nec
726 3935 983 4035 pretio
1022 3933 1417 4010 cantabat,
1423 3975 1526 3990 —
1568 3937 1673 4013 At
1721 3933 1885 4030 ille,
1935 3933 2130 4014 Nisi
2160 3930 2630 4022 cantaveriss
2651 3943 2730 4005 te
2778 3927 3221 4020 comedam.
3253 3965 3356 4025 -f

241 4045 344 4128 Et
406 4047 599 4123 avis.
665 4044 1113 4140 Quomodo
1166 4046 1596 4126 comedes?
1680 4047 1766 4124 Si
1830 4044 2278 4124 comederis
2328 4056 2637 4122 coctam
2698 4043 2796 4120 iu
2831 4066 3088 4171 aqua,
3151 4034 3352 4137 quid

244 4157 406 4235 avis
453 4157 745 4236 valebit
786 4171 952 4236 tam
1001 4162 1303 4261 parva?
1353 4164 1454 4240 Et
1513 4159 1769 4240 etiam
1798 4183 2002 4246 caro
2041 4159 2208 4284 erit
2250 4156 2598 4347 hispida,
2616 4168 2740 4310 ⁴¹et
2788 4156 2884 4252 si
2917 4164 3163 4234 assata
3211 4172 3352 4228 ero
