3969 4580
245 328 625 397 mortuus
654 310 816 405 est,
882 308 969 394 et
1019 312 1212 395 inde
1265 314 1673 392 exterritus
1686 302 1877 391 fuit
1923 314 2218 393 mulus}
2265 355 2370 373 -
2414 314 2855 395 Dominus:
2923 315 3143 414 Quid
3208 320 3366 418 agit

248 433 580 533 genitrix
628 432 819 507 sua?
864 468 966 503 ·-.-
1017 434 1338 506 Servus:
1388 435 1587 506 Prae
1635 428 1894 505 nimio
1931 428 2221 506 dolore
2269 431 2432 507 nati
2485 445 2805 509 mortua
2858 443 2992 508 est.
3051 474 3148 490 -
3195 435 3362 512 Do·

245 547 548 629 minus:
599 544 804 639 Quis
855 512 1206 619 custodit
1257 542 1647 619 domum?
1691 582 1795 597 -
1845 545 2172 619 Se.rvus
2222 544 2531 631 Nullus,
2584 544 2986 646 quoniam·
3020 545 3110 623 in
3152 549 3363 627 cine·

245 682 425 739 rem
474 680 741 736 ‘versa
773 669 917 744 est,
1001 670 1111 732 et
1139 655 1526 759 quicquid
1588 657 1674 730 in
1724 680 1826 732 -ea
1891 670 2080 732 erat.
2120 696 2224 714 --
2295 646 2363 732 4.
2413 659 2848 734 DominuS.
2909 663 3360 754 Quomodo

250 773 673 850 combusta
722 766 918 845 suit?
962 810 1066 826 -
1114 773 1433 847 Servus·
1482 773 1579 846 In
1630 768 1913 845 eadem
1963 783 2220 857 nocte,
2273 795 2432 871 qua
2468 770 2799 849 domina
2834 788 3155 852 mortua
3187 774 3362 867 fuit,

248 885 729 988 pedissequa
777 906 983 984 quae
1028 881 1399 979 vigilabat
1459 907 1643 985 pro
1678 882 2007 959 domina
2039 874 2308 960 oblita
2367 881 2525 959 suit
2588 883 3002 962 candelam
3056 888 3142 963 in
3191 889 3363 967 tha-

247 1000 491 1089 lamo,
541 1013 622 1075 et
666 997 769 1072 ita
823 995 1251 1076 combusta
1288 994 1444 1072 suit
1481 996 1782 1109 domus
1825 1010 2012 1073 tota.
2060 1034 2163 1053 ·--
2207 996 2648 1073 Dominus.
2697 998 3179 1101 pedissequa
3216 1003 3361 1080 ubi

251 1113 411 1189 est?
458 1154 554 1169 —
607 1114 932 1187 Servus:
992 1113 1170 1212 Ipsa
1222 1110 1539 1186 volebat
1584 1100 1855 1210 ignem
1909 1110 2392 1208 extinguere,
2459 1124 2537 1185 et
2593 1111 2877 1190 cecidit
2922 1114 3185 1191 trabes
3233 1138 3366 1192 su-
3409 1092 3422 1117 x

249 1226 401 1329 per
447 1238 681 1326 caput
726 1220 925 1322 ejus.
970 1236 1049 1303 et
1096 1216 1415 1300 mortua
1470 1238 1603 1300 est.
1653 1266 1749 1281 —
1798 1223 2239 1299 Dominus.
2293 1227 2424 1299 'lu
2470 1248 2661 1302 vero
2715 1226 3145 1328 quomodo
3190 1252 3364 1306 eva-

192 1412 195 1413 .
251 1339 439 1427 sisti,
490 1364 747 1439 quum
796 1352 960 1413 tam
1013 1338 1238 1440 piger
1286 1339 1437 1414 sis?
1481 1377 1583 1393 -
1644 1340 1964 1413 Servus:
2033 1343 2314 1433 Quum
2379 1334 2737 1414 viderem
2798 1340 3362 1443 pedissequam

253 1451 713 1529 defunctam
752 1450 1033 1549 effugi.
1086 1454 1309 1527 2-15.
1362 1456 1595 1526 Tunc
1647 1450 2032 1526 dominus
2081 1448 2311 1525 valde
2362 1450 2866 1529 contristatus
2918 1451 3032 1531 ad'
3058 1455 3364 1533 vicinos

253 1588 446 1643 suos
494 1566 738 1653 venit,
801 1580 1040 1642 or‘ans
1101 1588 1242 1641 eos
1303 1576 1396 1639 ut
1434 1562 1926 1664 reciperetur
1973 1563 2058 1637 in
2113 1563 2442 1661 alicujus
2495 1561 2748 1641 domo
2804 1579 2881 1642 et
2927 1567 3366 1670 hospitare·

248 1692 402 1757 tur.
498 1682 807 1757 Interea
876 1678 1223 1755 obviavit
1298 1675 1618 1791 cuidam
1687 1676 1945 1791 amico
2010 1701 2197 1765 suo,
2264 1678 2435 1779 qui,
2500 1701 2756 1779 quum
2820 1680 3123 1758 videret
3171 1706 3364 1760 eum

238 1793 581 1882 tristem,
620 1791 1142 1890 interrogavit
1175 1815 1383 1879 eum,
1408 1814 1684 1891 quare
1708 1782 1836 1866 ita
1870 1790 2328 1867 tristaretur.
2413 1794 2591 1892 Ipse
2639 1815 2832 1869 vero
2883 1791 3152 1872 retulit
3187 1819 3363 1873 om-

250 1907 385 1983 nia
436 1929 641 2007 quae
692 1905 988 1983 dixerat
1051 1904 1201 1979 sibi
1254 1927 1542 1980 servus.
1641 1904 1967 1983 Amicus
2031 1927 2221 1980 -vero
2287 1902 2644 1981 desolato
2711 1930 2754 1982 e
2806 1931 3190 1986 converso
3241 1931 3366 1987 re-

249 2019 437 2096 tulit
485 2018 766 2108 amico,
815 2032 909 2095 ut
957 2012 1529 2096 consolaretur
1541 2040 1752 2105 eum,
1803 2015 2106 2092 dicens:
2177 2022 2244 2093 6.
2296 1990 2483 2093 Noli
2522 2015 2883 2107 desolari,
2936 2020 3366 2121 quiamul-

248 2133 490 2212 toties
532 2133 1033 2229 contingunt
1104 2131 1422 2208 homini
1496 2143 1664 2205 tam
1736 2128 2078 2226 grandes
2155 2127 2717 2205 adversitatum
2777 2131 3364 2223 inundationes,

253 2244 484 2350 quod
534 2243 937 2323 desideret
987 2268 1116 2321 eas
1166 2242 1406 2321 etiam
1454 2240 1875 2319 inhonesta
1926 2254 2192 2320 morte
2240 2239 2494 2318 finire.
2568 2243 2829 2320 Etiam
2880 2245 3140 2322 statim
3193 2269 3365 2324 eve·

251 2360 515 2438 niunt:
540 2361 612 2438 ei
661 2371 874 2436 tanta
941 2355 1410 2445 commoda,
1479 2355 1708 2459 quod
1768 2381 2104 2458 prorsus
2165 2354 2399 2432 dulce
2463 2355 2564 2431 sit
2630 2356 2701 2432 ei
2764 2358 3366 2458 praeteritarum

252 2473 655 2552 reminisci
711 2472 1293 2551 adversitatum.
1379 2468 1540 2547 Sed
1591 2469 1787 2545 haec
1836 2470 2380 2547 humanarum
2424 2493 2700 2546 rerum
2758 2482 2921 2546 tam
2974 2471 3370 2547 immensa

250 2584 672 2666 fluctuatio
737 2585 1085 2661 variante
1157 2583 1637 2658 meritorum
1714 2582 2001 2660 ordine
2077 2577 2376 2661 summi
2451 2583 2781 2658 rectoris
2858 2582 3370 2680 distinguitur

256 2699 612 2787 abiu-io,
664 2711 742 2774 et
788 2696 1225 2799 prophetae
1255 2694 1437 2772 Job
1491 2695 2063 2771 corroboratur
2098 2694 2482 2797 exemplo,
2533 2693 2758 2791 cujus
2798 2694 3161 2771 animum
3194 2720 3366 2773 non
3475 2699 3480 2704 ⁴

254 2812 800 2918 pessundabat
844 2834 1119 2887 rerum
1172 2810 1518 2887 amissio.
1564 2807 2020 2908 Numquid
2073 2799 2308 2883 etiam
2362 2802 2650 2882 audisti
2703 2807 2925 2939 quod
2965 2806 3158 2885 dixit
3191 2810 3370 2912 phi·

256 2927 687 3029 losophus.
752 2924 950 3020 Quis
996 2938 1265 3026 potest
1309 2924 1397 3000 in
1443 2922 1637 3002 hoc
1655 2920 2010 3011 saeculo,
2087 2944 2347 3026 quum
2406 2920 2794 3000 mutabile
2861 2921 2991 3013 sit,
3065 2921 3370 3025 aliquid

260 3039 542 3166 stabile
586 3039 925 3117 habere?
2851 3069 2860 3076 ·

1617 3228 1959 3323 XXXI.

336 3397 358 3404 “
462 3389 531 3463 l.
600 3385 987 3463 Arabicus
1047 3379 1220 3463 filio
1285 3407 1471 3462 suo·
1529 3383 1715 3472 Fili,
1785 3407 2070 3515 quum·
2108 3381 2317 3460 forte
2385 3381 2790 3482 continget
2846 3382 2994 3460 tihi
3067 3377 3373 3482 aliquid

264 3496 594 3587 adversi,
641 3499 813 3576 noli
864 3500 1105 3575 nimis
1158 3497 1496 3576 desolari
1553 3521 1698 3573 nec
1746 3496 1940 3572 inde
1989 3496 2230 3571 nimis
2277 3497 2584 3584 tristari,
2635 3497 3024 3598 quoniam
3060 3494 3221 3572 boc
3258 3504 3377 3570 est

260 3636 519 3714 genus
566 3613 837 3689 Deum
898 3611 1264 3730 negandi.
1360 3615 1627 3688 Deum
1695 3611 1909 3686 enim
1976 3597 2293 3712 semper
2353 3609 2597 3685 debes
2660 3607 2985 3685 laudare
3040 3622 3207 3685 tam
3268 3605 3382 3685 de

240 3723 736 3806 adversitate
786 3749 1030 3829 quam
1068 3726 1185 3803 de
1232 3725 1770 3828 prosperitate.
1824 3715 2120 3801 Multa
2172 3725 2389 3799 enim
2446 3721 2652 3798 mala
2703 3697 3182 3820 contingunt
3226 3719 3378 3799 ho·

134 3919 139 3920 f
262 3839 663 3927 minibus,-
698 3864 905 3940 quae
954 3839 1333 3917 eveniunt
1365 3839 1476 3914 eis
1516 3852 1610 3916 ut
1658 3834 1959 3934 majora
2011 3836 2218 3916 mala
2272 3834 2670 3933 effugiant,
2723 3848 2801 3912 et
2847 3835 3118 3926 multa,
3172 3857 3376 3949 quae
3485 3898 3492 3907 .

262 3952 355 4028 in
400 3951 630 4028 bono
681 3951 1094 4029 finiuntur.
1164 3954 1299 4028 Et
1345 3950 1534 4028 ideo
1591 3949 1834 4026 debes
1882 3951 2209 4030 laudare
2256 3954 2524 4026 Deum
2573 3949 2659 4024 in
2713 3949 3113 4042 omnibus,
3165 3963 3242 4027 et
3287 3949 3375 4023 in

265 4087 373 4143 eo
416 4061 850 4152 confidere.
954 4066 1177 4142 Sicut
1226 4059 1421 4141 dixit
1468 4062 1987 4141 versificator:

392 4178 535 4262 ·:2
596 4181 895 4276 Quum
939 4176 1187 4258 fimris
1233 4180 1321 4258 in
1369 4178 1678 4258 tristitia
1729 4178 1934 4255 nihil
1981 4176 2176 4255 inde
2223 4175 2614 4256 sollicitus
2662 4176 2844 4266 eris,
2896 4173 3038 4253 sed
3086 4172 3377 4250 horam
