3969 4580
1960 316 2308 524 ..z-711.
3035 342 3070 363 ¹*
3165 368 3178 383 ·

2557 516 2568 527 ⁹
2867 514 2876 526 ⁴
3507 516 3529 548 Ι

771 585 840 658 1.
933 580 1261 658 Dictum
1314 593 1430 657 est
1478 577 1581 660 de
1632 574 1993 682 quodam
2037 582 2287 660 divite
2335 580 2422 656 in
2474 576 2904 656 civitatem
2893 591 3188 668 eunte,
3241 575 3472 680 quod
3523 598 3692 654 sac-

579 692 853 772 culum
905 697 1126 772 mille
1172 695 1482 771 talentis
1530 694 1865 796 plenum
1914 718 2188 773 secum
2226 693 2587 781 deferret:
2642 702 2718 769 et
2759 694 3095 794 insuper
3143 714 3482 769 aureum
3532 714 3699 767 ser-

574 798 902 910 pentem
970 808 1252 884 oculos
1323 809 1753 885 habentem
1829 808 2387 908 hyacinthinos
2457 807 2546 884 in
2621 806 2937 882 sacculo
3015 804 3329 882 eodem.
3438 802 3692 900 Quod

577 934 844 998 totum
894 921 1134 998 simul
1186 922 1462 1033 amisit.
1564 921 1916 1016 Quidam
1964 948 2154 999 vero
2224 945 2530 1049 pauper
2574 919 2726 994 iter
2773 916 3067 995 faciens
3115 917 3319 997 illud
3370 915 3696 1005 invenit,

582 1033 969 1133 deditque
1016 1037 1248 1111 uxori
1300 1059 1507 1122 suae,
1560 1049 1638 1110 et
1689 1034 2116 1135 quomodo
2157 1034 2583 1165 invenisset
2628 1032 2917 1171 retulit.
3013 1030 3307 1109 Mulier
3353 1030 3516 1107 hoc
3554 1053 3702 1107 au-

584 1146 810 1222 diens
861 1149 995 1223 ait:
1050 1147 1297 1243 Quod
1345 1151 1565 1224 Deus
1617 1145 1853 1229 dedit
1889 1146 2609 1223 custodiamus.—-·-
3353 1200 3360 1209 .

771 1263 842 1336 2.
940 1261 1113 1337 Alia
1177 1260 1306 1337 die
1368 1285 1654 1362 praeco
1720 1283 1867 1360 per
1931 1260 2142 1335 viam
2204 1259 2309 1334 ita
2374 1250 2768 1335 clamavit}
2845 1258 3007 1354 Qui
3068 1260 3310 1337 talem
3363 1226 3703 1336 censum

502 1416 509 1423 =
579 1372 912 1461 invenit,
963 1374 1280 1464 reddat,
1332 1389 1410 1450 et
1459 1375 1760 1476 absque
1811 1372 2082 1473 aliquo
2133 1369 2504 1447 forifacto
2558 1387 2884 1448 centum
2929 1371 3221 1453 talenta
3271 1373 3464 1451 inde
3499 1372 3701 1471 acci-

578 1487 761 1589 piat.
809 1526 909 1547 -
981 1491 1193 1564 Haec
1243 1488 1590 1565 'audiens
1650 1488 2023 1575 inventor
2071 1508 2355 1563 census
2407 1484 2600 1560 dixit
2646 1485 3150 1564 uxoriesuae:
3226 1466 3703 1564 Reddamns

581 1623 945 1687 censum,
1023 1615 1102 1676 et
1160 1601 1353 1679 inde
1422 1602 1721 1703 absque
1784 1599 2055 1700 aliquo
2121 1613 2450 1700 peccato
2513 1592 2838 1675 centum
2899 1600 3186 1677 talenta
3235 1599 3703 1676 habeamus.

580 1753 677 1771 -
755 1713 904 1789 Cui
967 1714 1263 1790 mulier
1325 1714 1460 1791 ait:
1538 1714 1621 1789 Si
1672 1708 1892 1788 Deus
1956 1713 2339 1789 voluisset
2399 1713 2633 1789 illum
2693 1712 2915 1788 hunc
2976 1737 3307 1790 censum
3369 1713 3703 1802 habere}

579 1849 751 1902 non
803 1825 1227 1902 amississet
1275 1849 1482 1902 eum.
1585 1825 1831 1920 Quod
1866 1829 2083 1905 Deus
2136 1824 2465 1904 donavit
2512 1825 3078 1903 custodiamus,
3128 1866 3224 1887 -—
3310 1832 3380 1904 3.
3413 1830 3703 1904 Inven-

579 1953 713 2016 tor
761 1963 1061 2033 census·
1092 1952 1183 2014 ut
1230 1932 1702 2016 redderetur
1752 1938 2200 2016 elaboravit.
2298 1941 2401 2015 At
2459 1934 2628 2039 ipsa
2694 1936 3188 2019 omnimodo
3233 1936 3701 2039 denegabat.

577 2054 681 2129 Et
730 2077 950 2142 eum,
1021 2053 1255 2130 vellet
1321 2044 1573 2131 nollet
1631 2048 1960 2141 mulier,
2044 2051 2430 2130 dominus
2493 2050 2898 2143 reddidit.
2969 2068 3047 2130 et
3108 2054 3338 2157 quod
3399 2050 3696 2157 praeco

577 2167 1056 2268 promiserat
1104 2169 1438 2267 expetiit.
1514 2168 1773 2242 Dives
1823 2174 2091 2244 autem
2139 2164 2430 2269 plenus
2477 2166 2831 2268 nequitia
2900 2167 3034 2243 ait.
3109 2167 3397 2257 Adhuc
3447 2169 3702 2246 alium

578 2279 782 2358 mihi
835 2293 1285 2381 serpentem
1338 2272 1611 2356 deesse
1659 2279 1935 2355 sciatis.
1988 2319 2083 2337 --
2158 2284 2371 2396 Haec
2417 2303 2658 2383 prava
2705 2282 3151 2359 intentione
3201 2280 3542 2371 dicebat,
3603 2296 3705 2359 ut

580 2395 914 2497 pauperi
961 2393 1279 2470 homini
1341 2394 1632 2470 talenta
1694 2416 1866 2469 non
1928 2387 2364 2470 redderet
2362 2396 2779 2495 promissa.
2869 2391 3189 2496 Pauper
3250 2421 3441 2474 vero
3491 2394 3700 2471 nihil

579 2509 764 2612 plus
814 2533 897 2585 se
945 2508 1336 2585 invenisse
1389 2506 1717 2584 dicebat.
1816 2509 1885 2581 4.
1924 2509 2037 2586 At
2098 2505 2472 2584 homines
2522 2507 2849 2587 civitatis
2894 2505 3110 2585 illius
3153 2503 3385 2586 diviti
3430 2508 3700 2589 fave'n-

579 2636 699 2700 tes
745 2621 1077 2724 pauperi
1132 2620 1635 2720 derogantes,
1688 2619 2173 2697 inexorabile
2225 2614 2499 2699 contra
2546 2621 2960 2699 fortunam
2994 2624 3402 2726 pauperis
3391 2621 3700 2701 odium

582 2749 973 2833 gerenteS,
1037 2725 1313 2812 illum
1336 2734 1439 2812 ad
1488 2733 1865 2848 justitiam
1914 2743 2570 2836 provocaverunt.
2669 2741 2983 2867 Pauper
3031 2752 3299 2816 autem
3352 2738 3703 2813 clamati?

584 2846 719 2936 do,
766 2861 860 2922 ut
908 2872 1145 2949 supra
1182 2848 1488 2924 dictum
1524 2863 1657 2937 est,
1707 2871 1791 2925 se
1841 2848 2046 2923 nihil
2078 2843 2476 2950 amplius
2453 2848 2843 2925 invenisse
2863 2846 3193 2946 ..juravit
3285 2846 3458 2924 Sed
3494 2848 3706 2927 dum

583 2985 887 3054 sermo
878 2959 1467 3058 hujuscemodi
1516 2987 1968 3064 pauperum
2032 2959 2536 3062 divitumque
2580 2984 2726 3063 per
2776 2954 2917 3078 ora
2971 2962 3476 3051 discurreret,
3541 2964 3703 3038 mi-

581 3075 850 3150 nistris
898 3074 1429 3152 referentibus
1479 3076 1811 3152 tandem
1858 3097 2088 3152 aures
2131 3077 2343 3173 regis
2393 3075 2794 3175 percussit.
2851 3071 2962 3154 5.
3018 3071 3176 3170 Q'ui
3248 3100 3505 3177 quum
3557 3102 3702 3155 au-

583 3187 798 3277 divit,
851 3187 1176 3265 divitem
1216 3203 1293 3265 et
1338 3213 1796 3290 pauperem,
1846 3183 2090 3263 simul
2142 3202 2220 3264 et
2263 3187 2689 3289 pecuniam
2742 3188 2890 3264 sibi
2941 3191 3418 3290 praesentari
3469 3215 3701 3292 prae-

584 3304 809 3406 cepit.
907 3301 1294 3387 Adductis
1359 3301 1739 3379 omnibus
1801 3316 1880 3378 et
1925 3301 2510 3404 philosophum
2559 3303 3057 3381 Auxilium
3105 3304 3702 3381 miserorum

584 3441 770 3493 cum
840 3415 1009 3492 aliis
1073 3416 1559 3518 sapientibus
1620 3415 1723 3492 ad
1782 3439 1871 3493 se
1929 3416 2271 3505 vocavit,
2345 3413 2708 3517 ejusque
2740 3418 3211 3494 accusatoris
3269 3439 3554 3495 vocem
3619 3432 3703 3497 et

585 3530 921 3608 accusati
999 3529 1275 3636 audire
1352 3544 1432 3607 et
1505 3519 1857 3607 enodare
1928 3530 2404 3660 praecepit.
2467 3530 3013 3632 Philosophus
3078 3531 3273 3608 haec
3325 3513 3700 3623 audiens,

585 3656 1048 3720 commotus
1095 3645 1385 3746 pietate
1433 3643 1839 3747 pauperia,
1891 3644 2027 3724 ait:
2086 3643 2560 3722 Auxiliante
2578 3643 2755 3721 Deo
2791 3660 2907 3721 ·te·
2933 3643 3270 3723 liberare
3318 3646 3699 3723 conabor.

550 3793 686 3840 .-
682 3757 858 3834 “Ad
906 3759 1101 3836 haec
1149 3781 1485 3860 pauper.
1550 3759 1712 3834 Scit
1758 3759 1977 3834 Deus
2029 3757 2256 3858 quod
2304 3758 2624 3837 reddidi
2678 3765 3071 3862 quantum
3118 3761 3406 3837 inveni.
3455 3797 3560 3818 --
3625 3762 3699 3837 6.

586 3872 820 3948 Tunc
868 3871 1403 3976 philosophus
1462 3872 1665 3948 dixit
1724 3872 1824 3948 ad
1876 3893 2182 3966 regem:
2258 3873 2340 3949 Si
2405 3886 2714 3949 rectum
2775 3874 2968 3952 inde
3022 3872 3422 3973 judicium
3467 3874 3701 3951 vobis

552 3981 864 4062 -audire
912 3984 1324 4088 placuerit,
1384 3983 1664 4062 dicam.
1711 4023 1814 4042 —-
1883 3987 2052 4063 Rex
2114 3984 2308 4062 haec
2359 3977 2724 4077 audiens,
2798 4003 2898 4065 ut
2938 3987 3326 4086 judicaret
3372 3988 3696 4090 rogavit.

585 4102 820 4178 Tunc
869 4096 1403 4201 philosophus
1451 4100 1614 4196 regi
1647 4099 1813 4195 ⁸ait:
1889 4103 2045 4175 Iste
2111 4098 2367 4177 homo
2424 4100 2640 4179 dives
2688 4098 2970 4179 bonus
3009 4114 3128 4179 est
3173 4099 3558 4192 multum,
3623 4114 3707 4182 et

580 4236 756 4293 non
819 4227 937 4293 est
992 4205 1375 4292 credibile
1414 4203 1630 4291 'eu'm
1680 4211 2000 4319 aliquid-
2037 4211 2527 4315 interrogare
2577 4211 2808 4318 quod
2856 4237 3027 4306 non
3079 4212 3484 4294 amisisset.
3580 4218 3699 4294 Ex
