3969 4580
2012 108 2159 203 44

534 317 806 385 menta
866 300 1280 381 mundana
1344 297 1774 403 praecellit-3
1849 299 2191 403 quidam
2254 296 2395 402 qui
2462 294 3026 403 philosophiae
3099 320 3273 378 non
3339 295 3714 379 student·

537 420 1134 521 grammaticam
1189 415 1596 494 affimant
1645 438 1835 491 esse.

734 538 803 610 8.
886 530 1330 610 Probitates
1380 552 1571 604 vero
1620 526 1772 603 hae
1824 541 2046 605 sunt.
2092 474 2505 628 Equitare,
2552 540 2841 618 natare,
2890 528 3272 643 sagittare,
3313 526 3682 606 cestibus

544 661 861 736 vertare,
914 667 1327 745 aucupare,
1379 641 1620 718 scacis
1670 640 1970 730 ludere,
2020 639 2466 718 versificari.
2559 704 2568 711 .
2667 674 2676 679 ·

740 756 1342 838 9.1ndustriae
1391 769 1613 832 sunt:
1676 758 1799 831 Ne
1848 754 1949 830 sit
1995 780 2255 842 vorax,
2305 767 2667 855 potator,
2711 754 3208 845 luxuriosus,
3257 706 3684 849 violentus,

545 872 929 959 mendax,
965 895 1241 946 avarus
1293 882 1371 946 et
1421 867 1522 945 de
1571 866 1779 944 mala
1831 869 2456 946 conversatione.

745 983 1242 1086 Discipulus:
1297 987 1475 1059 Hoc
1524 997 1893 1083 tempore
1940 997 2141 1083 puto
2194 982 2607 1058 neminem
2653 977 3134 1079 hujusmodi
3183 1003 3373 1058 esse.

630 1114 637 1125 ·
747 1102 862 1176 10.
949 1096 1311 1175 Correxit
1377 1096 1712 1197 quidam
1785 1093 2326 1198 philosophus
2398 1092 2665 1171 filium
2728 1119 3003 1186 suum,
3078 1094 3387 1191 dicens:
3433 1095 3683 1176 Cave

551 1210 1070 1291 mendacium
1123 1207 1353 1313 quod
1407 1208 1722 1287 dulcius
1774 1222 1893 1286 est
1938 1233 2173 1285 carne
2222 1209 2669 1285 volucrum.
3659 1246 3668 1255 -

751 1329 866 1401 11.
946 1324 1204 1404 Alius:
1271 1330 1550 1418 Quum
1615 1322 1791 1401 leve
1848 1322 1947 1398 sit
2011 1321 2529 1400 mendacium
2568 1318 2987 1423 proferre,
3050 1346 3297 1426 quare
3363 1321 3684 1403 videtur

554 1460 788 1539 grave
837 1438 1244 1515 veritatem
1294 1435 1702 1536 proferre?
1840 1484 1849 1490 -

751 1555 869 1628 12.
952 1550 1211 1628 Alius.
1289 1549 1372 1624 Si
1440 1549 1705 1626 dicere
1763 1563 2076 1626 metuas
2137 1547 2361 1625 unde
2422 1548 2867 1650 poeniteas,
2938 1549 3231 1627 melius
3307 1566 3428 1629 est
3485 1574 3681 1642 non,

554 1690 803 1770 quam
854 1665 984 1741 sic.
998 1704 1133 1721 ·-
1179 1661 1681 1739 Verecundia
1743 1686 1929 1738 cave
1993 1663 2335 1760 negandi
2399 1685 2504 1739 ne
2575 1662 2863 1741 inferat
2921 1662 3069 1740 tibi
3108 1666 3683 1764 necessitatem

551 1776 1039 1864 mentiendi,
1110 1768 1297 1875 quia
1348 1776 1764 1853 honestius
1818 1790 1934 1851 est
1979 1798 2153 1851 rem
2208 1775 2364 1851 cito
2416 1799 2723 1875 negare,
2777 1803 3024 1880 quam
3069 1777 3360 1877 longos
3389 1780 3683 1855 termi-

554 1916 709 1971 nos
772 1892 987 1970 wdare
1086 1887 1610 2057 [Terminum
1668 1888 2017 1966 termino
2082 1887 2381 1966 addere
2443 1903 2560 1967 est
2619 1888 2780 1967 hoc
2859 1898 3238 1993 tempore
3299 1892 3682 2031 calliditas
3729 1914 3736 1919 ·

402 2034 415 2042 ·
555 2002 968 2108 negandi]
3279 2038 3286 2043 ·

498 2123 515 2133 “
756 2123 874 2197 13.
955 2115 1178 2192 Alius
1240 2115 1808 2219 philosophus.
1887 2114 1970 2192 Si
2032 2115 2458 2247 mendacio
2523 2115 2919 2219 quidlibet
2977 2119 3353 2211 salvatur,
3414 2062 3679 2201 multo

559 2218 812 2331 magis
860 2230 1182 2312 veritate
1232 2242 1603 2307 servatur.

698 2347 878 2420 ,.14
963 2346 1392 2419 Accusatus
1445 2341 1780 2446 quidam
1832 2341 2121 2417 ductus
2190 2357 2307 2419 est
2354 2357 2533 2422 ante
2580 2369 2851 2445 regem
2900 2346 3288 2448 judicem,
3348 2371 3681 2466 negans-

560 2482 723 2589 que
774 2456 1077 2532 crimen
1128 2455 1612 2587 impositum
1652 2454 1982 2534 tandem
2035 2456 2548 2535 convincitur.
2617 2461 2768 2538 Cui
2819 2484 2988 2539 rex·
3038 2449 3518 2564 Dupliciter
3526 2489 3679 2567 pua

559 2571 839 2657 nieris;
889 2568 1138 2646 semel
1185 2593 1339 2676 pro
1390 2566 1725 2644 crimine
1774 2570 2233 2660 commisso,
2282 2571 2640 2649 secundo
2692 2597 2842 2674 pro
2897 2574 3231 2654 crimine
3279 2593 3588 2677 negato.
3765 2577 3771 2580 ’

757 2688 874 2761 15.
956 2682 1195 2760 Alius
1235 2680 1493 2768 etiam,
1545 2705 1802 2781 quum
1854 2682 2218 2761 similiter
2255 2700 2457 2764 esset
2507 2701 2931 2775 accusatus,
2985 2689 3213 2789 quod
3254 2691 3681 2770 commise2

559 2811 683 2874 rat
729 2819 903 2873 non
950 2793 1279 2891 negavit.
1374 2792 1761 2870 Dixerunt
1822 2796 1989 2894 regi
2041 2798 2182 2898 qui
2245 2802 2674 2887 astiterant,
2739 2798 2842 2875 de
2903 2799 3238 2876 crimine
3305 2802 3676 2884 confesso

560 2908 955 3009 judicium
1008 2919 1289 2983 sumat.
1360 2910 1551 2984 Non
1599 2908 1738 2984 ita!
1793 2934 1927 2985 rex
1974 2911 2271 3013 inquit;
2322 2911 2549 3014 quod
2598 2910 3132 3013 philosophus
3185 2913 3409 2991 dicit.
3453 2916 3679 2994 Con-

561 3021 816 3100 fitenti
869 3034 1287 3123 peccatum
1334 3019 1536 3098 ratio
1589 3035 1707 3102 est
1751 3023 2094 3104 relaxare
2142 3025 2556 3126 judicium.
2602 3065 2703 3085 —
2756 3023 3049 3184 sicque
3094 3025 3300 3105 liber
3341 3027 3594 3109 factus
3632 3058 3676 3111 a

558 3159 748 3237 rege
797 3134 1169 3211 discessit.
3264 3171 3274 3182 ·
3655 3203 3668 3218 ,
3739 3213 3754 3227 ,

570 3331 577 3340 ,
756 3253 871 3325 16.
961 3253 1354 3325 Socrates.
1418 3248 1641 3327 Sicut
1697 3250 1953 3328 homo
2017 3186 2360 3330 mendax
2409 3251 2496 3330 in
2545 3249 2928 3357 principis
2977 3199 3452 3390 comitatum
3500 3281 3672 3337 non

560 3362 952 3452 convenit,
1001 3361 1113 3440 sic
1163 3388 1208 3441 a
1256 3386 1506 3463 regno
1561 3363 1981 3444 coelorum
2032 3366 2390 3444 exclusus
2441 3382 2574 3446 est.
3691 3373 3704 3386 “

2004 3553 2214 3650 VH.

754 3707 823 3782 1.
908 3702 1265 3801 Quidam
1311 3625 1879 3838 philosophus
1901 3707 2095 3787 dixit
2142 3709 2313 3787 filio
2366 3733 2561 3789 suo:
2609 3712 2760 3790 Dic
2810 3735 2980 3794 esse
3025 3661 3481 3808 mentitum,
3531 3716 3672 3820 qui

557 3818 868 3896 malum
921 3818 1116 3896 dicit
1162 3817 1379 3895 malo
1431 3821 1764 3897 vincere.
1868 3824 2115 3919 Quia,
2179 3826 2382 3903 siout
2442 3826 2648 3926 ignis
2698 3827 2967 3926 ignem
3017 3855 3189 3908 non
3237 3833 3498 3964 punit,
3562 3831 3710 3930 sie,
3827 3907 3838 3916 ,

556 3932 870 4010 malum
917 3930 1137 4008 malo
1188 3954 1359 4006 non
1412 3932 1637 4009 cedit.
1737 3939 1845 4014 Ut
1888 3937 2172 4036 igitur
2202 3939 2472 4039 iguem
2536 3966 2741 4044 aqua
2781 3944 3206 4044 extinguit,
3272 3945 3384 4022 sic
3445 3946 3678 4022 bono
3811 4033 3818 4042 ¹

555 4045 875 4122 malum
940 4043 1366 4143 quodlibet
1426 4045 1876 4126 destruitur.
1976 4054 2099 4130 Ne
2153 4052 2447 4131 reddas
2483 4056 2821 4133 malum
2880 4057 3036 4162 pro
3082 4058 3339 4150 ma10,
3402 4083 3508 4139 ne
3569 4060 3675 4138 sis

560 4156 841 4234 'similis
888 4155 1127 4247 malo,
1177 4153 1321 4234 sed
1367 4160 1618 4241 redde
1665 4163 2006 4258 bonum,
2054 4181 2152 4247 ut
2195 4167 2492 4247 m'elior
2534 4169 2640 4247 sis
2689 4171 2927 4252 malo.
3299 4203 3328 4212 “·
