3969 4580
2050 79 2176 175 46

559 302 824 358 unum
891 274 1223 378 expetiit.
1290 271 1619 349 Noluit
1678 268 1886 347 dare.
1954 271 2381 349 Retentus
2451 282 2583 348 est,
2645 273 2871 347 Non
2936 266 3241 345 habens
3293 270 3682 348 auxilium

563 392 839 491 fugere
897 389 1184 477 voluit,
1259 385 1403 463 sed
1464 411 1610 488 per
1670 383 2080 485 caputium
2145 397 2524 461 retractus
2599 384 2849 484 capite
2922 381 3232 469 nudato
3312 376 3683 486 apparuit

562 505 1025 583 seabiosus.
1083 501 1440 582 Postulat
1487 500 1559 575 ei
1608 513 1766 576 tres
1819 496 2210 575 denarios.
2331 501 2396 574 4.
2455 495 2753 573 Videns
2801 495 3186 594 gibbosus
3237 518 3505 600 neque
3553 496 3684 576 su·
3749 516 3782 527 ”

563 644 659 721 ga
708 644 972 721 neque
1022 616 1319 695 auxilio
1369 638 1452 690 se
1501 636 1742 715 posse
1796 611 2157 701 defendi,
2209 611 2471 711 coepit
2516 611 2594 685 vi
2631 610 3024 700 resistere,
3077 608 3685 717 defendensque

564 759 649 811 se
698 731 1016 810 nudatis
1063 728 1407 805 brachiis
1459 725 1823 830 apparuit
1869 726 2174 802 habens
2222 724 2789 825 impetiginem.
2867 728 3268 819 Quartum
3299 750 3491 805 vero
3545 726 3686 805 de·

565 847 882 925 narium
933 843 1302 946 postulat.
1394 838 1557 917 xCui
1624 837 2087 918 defendenti
2154 864 2486 941 cappam
2550 834 2887 912 abstulit.
2985 841 3089 915 Et
3151 839 3480 919 cadente
3539 840 3684 937 illo

564 960 689 1038 in
682 974 1025 1045 mter-ram
1074 955 1546 1032 herniosum
1600 955 2007 1086 comperit.
2108 955 2540 1051 Quintum
2557 973 2745 1049 ergo
2799 951 3223 1030 denarium
3276 956 3375 1033 ab
3413 978 3541 1032 eo
3561 980 3688 1032 exv·

580 1074 830 1152 torsit.
934 1073 1062 1149 Sic
1114 1069 1445 1169 contigit
1488 1082 1584 1145 ut
1630 1069 1771 1169 qui
1820 1086 2084 1146 unum
2133 1067 2347 1147 ultro
2402 1065 2592 1143 dare
2638 1065 2934 1157 noluit,
2985 1067 3348 1221 quinque
3394 1068 3689 1149 invitus

676 1186 811 1263 dit.
2169 1213 2176 1221 ·

570 1186 671 1355 d?
764 1298 883 1399 [5.
968 1297 1294 1399 Applica
1368 1294 1469 1373 ad
1558 1308 2080 1397 peccatorem.
2214 1298 2592 1371 Peccator
2671 1294 2897 1371 enim
2990 1294 3326 1371 similis
3362 1309 3479 1374 est
3555 1295 3692 1373 isti·

568 1413 950 1545 gibboSO,
1019 1411 1466 1489 monoculo
1531 1423 1611 1487 et
1675 1422 1959 1497 cetera;
2034 1408 2304 1484 unde
2323 1407 2687 1484 similiter
2746 1408 2898 1485 sibi
2959 1410 3364 1509 contingit.
3465 1410 3690 1488 Sicut

573 1528 791 1609 enim
839 1526 1003 1615 iste,
1055 1525 1165 1602 sic
1214 1539 1584 1631 peccator
1633 1548 1798 1626 quo
1848 1522 2033 1625 plus
2083 1521 2338 1597 tardat
2383 1521 2919 1623 poenitentiae
2965 1519 3348 1615 fructum,
3388 1524 3477 1602 in
3510 1524 3689 1627 plu-

567 1640 794 1719 ribus
840 1639 1176 1718 maculis
1223 1639 1654 1727 invenitur,
1704 1651 1799 1716 ut
1848 1636 1949 1755 de
1998 1635 2191 1714 vitio
2242 1635 2327 1711 in
2377 1634 2664 1761 vitium
2712 1633 2969 1736 ruat]

957 1908 963 1915 .
1944 1890 1947 1893 >
2047 1823 2218 1923 lx:
2303 1893 2309 1901 -

771 1986 836 2057 1.
934 1982 1151 2060 Dixit
1201 1980 1534 2113 quidam
1583 1978 2122 2082 philosophus
2182 1977 2358 2056 filio
2418 2003 2608 2056 suo.
2681 1981 2866 2071 Fili,
2924 1980 3110 2058 vide
3172 1974 3278 2058 ne
3338 1992 3687 2058 transeas

573 2121 718 2200 per
764 2095 1040 2173 sedem
1090 2096 1343 2225 gentis
1390 2094 1750 2195 iniquae3
1798 2095 2188 2172 transitus
2222 2120 2577 2198 namque
2627 2120 2859 2173 causa
2908 2096 3010 2173 sit
3056 2109 3334 2185 status,
3403 2109 3484 2172 et
3526 2108 3681 2171 sta-

582 2225 712 2287 tus
763 2235 994 2286 causa
1046 2209 1450 2297 sessionis,
1502 2207 1749 2283 sessio
1804 2231 2035 2283 causa
2088 2210 2373 2308 operis.

762 2326 831 2398 2.
933 2323 1262 2398 Dictum
1328 2336 1443 2398 est
1504 2322 1722 2397 enim
1773 2307 1983 2396 duos
2036 2320 2364 2397 clericos
2417 2320 2521 2398 de
2572 2323 2875 2400 civitate
2927 2323 3174 2402 exisse
3221 2346 3546 2427 vespere
3593 2331 3704 2399 ut'

577 2436 1208 2537 exspatiarentur.
1304 2437 1721 2513 Venerunt
1782 2457 1970 2532 ergo
2022 2434 2109 2508 in
2158 2413 2433 2512 locum
2482 2436 2628 2513 ubi
2678 2441 3081 2539 potator‘es
3133 2451 3686 2517 convenerant.

571 2551 786 2626 Dixit
845 2547 1039 2625 alter
1085 2549 1307 2627 socio
1360 2572 1547 2624 suo.
1621 2548 2125 2625 Divertamus
2177 2547 2327 2625 alia
2376 2549 2533 2639 via,
2610 2549 2797 2652 quia
2861 2549 3397 2654 philosophus
3465 2551 3688 2631 dicit:

572 2668 769 2742 Non
793 2663 1375 2740 transeundum
1430 2676 1545 2740 est
1577 2687 1721 2765 per
1768 2662 2046 2739 sedem
2098 2663 2351 2761 gentis
2382 2663 2726 2766 iniquae.
2758 2704 2855 2723 -
2903 2667 3357 2766 Respondit
3390 2666 3692 2743 socius:
3769 2652 3785 2660 “

577 2776 994 2853 Transitus
1057 2800 1229 2851 non
1281 2776 1633 2866 nocebit,
1711 2777 1777 2853 si
1843 2776 2062 2854 aliud
2124 2801 2296 2853 non
2358 2775 2618 2853 fuerit.
2667 2811 2765 2832 ——
2844 2781 2913 2855 3.
2981 2777 3144 2852 Sed
3192 2791 3692 2857 transeuntes

576 2888 1006 2974 audierunt
1065 2889 1152 2963 in
1209 2888 1474 2968 *domo
1548 2891 2040 2969 cantilenam.
2169 2890 2532 2969 Substitit
2589 2885 2785 2966 alter
2844 2903 3199 2968 retentus
3264 2890 3694 2971 dulcedine

577 3017 876 3080 cantus.
969 3003 1296 3079 Monuit
1348 3026 1537 3078 eum
1584 3004 1871 3080 socius.
1969 3008 2097 3082 Ire
2146 3003 2427 3081 noluit.
2524 3001 2977 3084 Recedente
3038 3004 3260 3083 socio
3310 3006 3692 3083 remansit

577 3116 831 3205 soluS,
907 3114 1390 3217 allectusque
1455 3129 1694 3192 cantu
1756 3116 2105 3193 domum
2171 3118 2526 3194 intravit*
2611 3117 3000 3220 Undique
3064 3133 3390 3198 vocatus
3465 3118 3686 3197 sedit.

578 3229 1048 3330 sedensque
1099 3249 1286 3305 cum
1338 3230 1527 3306 aliis.
1554 3230 1873 3331 potavit.
1972 3234 2037 3306 4.
2090 3233 2193 3307 Et
2243 3256 2421 3308 ecce
2469 3253 2790 3333 praeco,
2859 3233 3468 3335 exploratorem·
3505 3234 3688 3310 c'ivi-

573 3344 752 3422 tatis
798 3341 1240 3448 fugientem
1289 3367 1662 3446 sequenS,
1711 3358 1897 3450 post
1931 3344 2176 3422 'illum
2228 3344 2574 3422 domum
2622 3349 3073 3451 potantium
3124 3349 3458 3427 inwavit.
3531 3351 3691 3425 {na

576 3473 815 3538 vento
883 3458 1379 3560 exploratore
1441 3458 1559 3532 in'
1594 3456 1728 3534 illa
1793 3458 2049 3535 domo
2116 3473 2194 3537 et
2239 3459 2410 3561 ipse
2471 3475 2550 3537 et
2587 3487 2872 3539 omnes
2923 3461 3125 3565 capti
3178 3477 3381 3542 sunt.
3425 3465 3432 3472 ’
3502 3462 3689 3552 Hic,

576 3572 842 3673 inquit
878 3596 1212 3674 praeco,
1285 3572 1731 3674 hospitium
1791 3570 2035 3671 hujus
2099 3574 2613 3676 exploratoris
2663 3575 2848 3653 fuit!
2946 3577 3152 3652 Hin‘c
3205 3577 3416 3655 exiit!
3471 3576 3689 3653 'Huc

575 3685 846 3762 rediit!
944 3688 1251 3765 Omnes
1302 3688 1654 3764 consocii
1710 3702 1787 3764 et
1835 3688 2029 3777 socii
2081 3688 2321 3788 hujus
2370 3688 2666 3766 fuistis!
2702 3721 2803 3748 -ὸ
2871 3695 2924 3770 5
2993 3690 3230 3768 Ducti
3273 3695 3470 3767 'sunt
3518 3705 3692 3766 om:

579 3811 722 3876 ne‘s
786 3798 891 3875 ad
956 3799 1445 3900 patibulum,
1522 3814 1601 3877 et
1665 3801 1994 3880 clericus
2053 3804 2288 3880 inter
2326 3803 2507 3880 illos
2572 3829 2861 3904 magna
2921 3830 3125 3882 voce
3188 3802 3692 3912 praedicabat

498 3941 507 3946 ·
581 3914 997 3992 omnibus·
1078 3914 1464 4015 Quisquis
1525 3913 1853 4016 iniquae
1914 3919 2168 4018 gentis
2231 3919 2637 3998 consortio
2705 3917 3026 4010 fruitur,
3065 3917 3386 4056 procul
3437 3908 3690 4002 dubio

458 4127 471 4149 ¹
516 4099 525 4118 ,
577 4029 865 4108 mortis
911 4027 1356 4108 immeritae
1401 4053 1704 4132 poenas
1751 4030 2122 4110 lucratur.
