3969 4580
575 241 756 321 silio
808 237 1334 343 acquiremus,
1379 274 1481 295 --
1529 233 1683 314 Cui
1730 233 2003 311 frater.
2053 231 2346 311 Timeo
2394 236 2500 307 ne
2542 251 2827 307 census
2863 250 3109 306 meus
3157 226 3282 307 sit
3304 226 3508 331 pars
3531 224 3702 305 liu-J

573 354 702 455 jus
753 354 1081 444 consilii,
1132 366 1210 432 et
1254 349 1443 429 ideo
1494 349 1686 440 vale,
1736 350 1925 452 quia
1972 347 2174 424 nolo
2224 345 2569 448 amplius
2617 342 2942 423 morari.

1913 534 2351 635 XXVIII

771 699 840 771 1.
884 648 1495 796 Philosophus:
1541 676 1711 769 Rex
1760 704 1877 766 est
1923 689 2203 766 similis
2250 688 2437 787 igni,
2490 685 2621 763 oui
2670 684 2736 777 si
2768 683 3010 761 nimis
3047 680 3506 783 adjunctus
3515 679 3698 769 fue-

576 806 710 898 ris,
762 806 1255 894 cremaberiS,
1306 805 1369 879 si
1425 827 1515 880 ex
1562 818 1737 880 toto
1786 816 2169 892 remotus,
2218 801 2561 901 frigebis.

771 920 843 994 2.
914 917 1161 997 Filius
1210 917 1454 1020 patri.
1507 917 1589 992 Si
1642 913 2061 992 credidero
2115 916 2375 992 verbis
2424 910 2927 1017 philosophi,
2991 932 3412 1021 nunquam
3461 905 3697 985 fami-

580 1031 795 1111 liaris
848 1046 985 1107 ero
1037 1030 1224 1128 regi.
1275 1070 1375 1087 —
1423 1029 1573 1106 Cui
1625 1042 1879 1129 pater:
1924 1027 2095 1117 Fili,
2145 1028 2463 1104 Placere
2505 1028 2678 1125 regi
2728 1048 3045 1102 summa
3095 1022 3522 1125 pruldenti'a
3558 1034 3693 1098 est.

527 1178 555 1205 s
583 1178 680 1205 ⁴-
729 1143 1009 1221 Filius:
1058 1142 1312 1218 Erudi
1362 1166 1496 1218 me
1530 1140 1980 1244 quomodO,
2032 1141 2098 1216 si
2150 1140 2599 1243 oportuerit
2633 1163 2778 1216 me
2810 1138 2974 1236 regi
3009 1138 3319 1226 servire,
3364 1150 3460 1214 ut
3503 1156 3705 1266 pruo·

586 1257 786 1335 dens
839 1268 917 1333 et
962 1256 1172 1333 bene
1245 1254 1532 1332 doctus
1580 1253 1882 1339 valeam
1931 1255 2262 1358 placere.
2311 1294 2415 1309 —
2467 1257 2548 1330 3.
2589 1258 2849 1329 Pater:
2898 1250 3025 1328 Ad
3061 1249 3594 1349 hujusmodi
3572 1273 3697 1325 m·

584 1371 1109 1449 structionem
1168 1368 1418 1444 multa
1472 1382 1732 1444 essent
1780 1370 2236 1458 necessaria,
2269 1382 2493 1470 ¹quae
2540 1365 2799 1443 modo
2839 1364 3702 1455 ad‘memoriamxnon,

584 1507 1086 1571 revocamuS,
1160 1496 1239 1558 et
1305 1480 1639 1558 fortasse
1698 1482 1760 1557 si
1828 1483 2557 1584 praescriberentur
2612 1480 2760 1557 tibi
2816 1480 3119 1582 ‚pusillo
3187 1480 3274 1554 in
3334 1477 3702 1557 taedium

582 1610 1094 1672 verterentur.
1197 1594 1359 1672 Sed
1426 1594 1533 1672 de
1590 1595 1867 1672 multis
1929 1622 2211 1698 pauca,
2277 1609 2357 1672 et
2423 1619 2660 1697 quae,
2729 1594 2795 1670 si
2850 1594 3414 1683 observaveriS,
3465 1604 3706 1670 erunt

584 1706 828 1797 utilia,
877 1707 1335 1784 referamus.
1368 1722 1501 1764 ·-*
1548 1709 1674 1785 Ad
1742 1735 1948 1812 quae
2005 1710 2265 1786 filius:
2336 1710 2504 1785 Etsi
2557 1708 3211 1785 erectisauribus
3259 1702 3511 1784 multa
3562 1728 3701 1782 cu·

584 1821 761 1923 pio,'
790 1824 1193 1922 promissa
1224 1837 1514 1911 tamen,
1565 1822 1945 1899 audiendi
1982 1824 2280 1911 aviduS,
2327 1822 2845 1899 vehementer
2878 1819 3249 1919 efflagito.
3296 1860 3397 1897 -ε-
3446 1823 3513 1894 4.
3554 1825 3702 1896 Pa-

584 1948 739 2011 ter:
804 1938 965 2031 Qui
1027 1934 1197 2013 vult
1256 1936 1424 2031 regi
1490 1960 1658 2013 esse
1720 1934 2129 2013 familiaris
2191 1936 2447 2013 'debet
2514 1935 2789 2012 videre
2855 1937 3084 2011 omni
3147 1932 3325 2017 visu
3384 1930 3698 2023 mentis,

589 2047 819 2150 quod
854 2074 1128 2150 ,quum
1175 2049 1483 2125 venerit
1530 2050 1633 2126 ad
1681 2073 1953 2150 regem
1989 2062 2208 2125 stare
2253 2047 2404 2125 diu
2450 2049 2738 2151 possit,
2801 2054 2952 2125 n'ec
3000 2070 3367 2153 unquam
3412 2047 3706 2139 sedeat,

592 2160 855 2255 donec
901 2186 1038 2237 rex
1083 2161 1538 2262 praecipiat,
1614 2186 1763 2239 nec
1824 2165 2236 2263 loquatur,
2312 2163 2496 2238 nisi
2530 2182 2740 2264 opus
2788 2161 3056 2252 suerit,
3120 2188 3272 2240 nec
3327 2172 3710 2238 ‘moretur

590 2300 782 2354 cum
829 2297 1042 2373 rege,
1104 2273 1259 2352 nisi
1306 2299 1442 2351 rex
1490 2275 1977 2379 praeceperit
2035 2273 2367 2362 morari,
2433 2287 2511 2349 et
2557 2273 2902 2353 fideliter
2951 2278 3381 2354 consilium
3427 2288 3696 2363 taceat,

562 2404 671 2466 'et
719 2411 1037 2490 semper
1085 2387 1186 2464 sit
1231 2387 1583 2465 intentus
1633 2389 1913 2465 audire
1963 2387 2192 2491 quod
2240 2410 2377 2463 rex
2427 2386 2652 2476 dicet,
2703 2413 2808 2466 ne
2857 2404 3226 2492 oporteat
3269 2386 3544 2490 'regem
3574 2391 3708 2467 bis

540 2503 544 2510 ’
585 2515 1101 2605 praeceptum
1150 2513 1526 2601 repetere.
1624 2505 1695 2578 ὅ.
1759 2500 2360 2602 Quodcumque
2407 2525 2548 2578 rex
2583 2505 3072 2605 praeceperit
3099 2502 3347 2581 faciat.
3419 2506 3704 2584 Caveat

588 2640 697 2694 ne
743 2615 1176 2692 mentiatur
1222 2615 1408 2715 regi,
1469 2627 1547 2691 et
1593 2614 1693 2691 sit
1741 2616 1812 2692 ei
1866 2614 2277 2696 obediens.
2379 2619 2540 2693 Nec
2604 2635 2978 2719 unquam‘
3027 2619 3370 2718 associet
3407 2615 3501 2695 se
3548 2618 3710 2695 hos·

587 2727 814 2815 mini,
866 2751 1114 2827 quem
1162 2751 1298 2804 rex
1349 2728 1544 2819 odio
1578 2720 1919 2807 habebit.
1990 2736 2269 2826 Quum
2317 2728 2514 2805 haec
2547 2731 2823 2808 omnia
2870 2732 3249 2806 etmulta
3297 2727 3449 2806 alia
3497 2731 3706 2808 seces

585 2841 711 2928 rit,
749 2838 1078 2917 forsitan
1122 2839 1224 2917 de
1258 2835 1442 2938 rege
1480 2866 1650 2919 non
1682 2865 2020 2945 parvum
2053 2842 2382 2920 habebit
2409 2840 2887 2944 profectum.
2920 2881 3017 2936 -ς-
3066 2846 3148 2918 6.-
3174 2842 3449 2918 Filius:
3480 2845 3710 2921 Nihit

587 2953 820 3058 peius
895 2954 1228 3051 contigit
1302 2980 1547 3055 quam
1623 2956 1769 3034 diu
1829 2959 1997 3056 regi
2065 2958 2389 3044 servire,
2465 2969 2566 3031 et.
2601 2955 2805 3030 nihil
2863 2955 3062 3032 boni
3097 2956 3557 3058 acquirere.
3606 2981 3706 3024 a...

586 3073 856 3148 Pater:
929 3072 1108 3143 Hoc
1167 3066 1445 3155 multis
1507 3065 1669 3165 jam
1725 3073 2029 3159 evenit,
2109 3084 2190 3146 et
2247 3069 2437 3145 ideo
2499 3068 2900 3170 praecepit
2935 3067 3533 3171 *philosophuS,
3598 3093 3710 3148 nu

590 3179 993 3284 quispiam
1043 3179 1189 3257 diu
1235 3177 1615 3257 moretur
1651 3195 1730 3259 et
1775 3181 2022 3258 nimis
2070 3182 2153 3278 in
2207 3180 2524 3258 servitio
2574 3182 2803 3281 regis.
2901 3181 3477 3284 Philosophus:
3542 3184 3708 3280 Qui

501 3335 509 3343 ·
589 3296 832 3374 servit
876 3293 1064 3392 regi,
1113 3306 1208 3371 ut
1253 3294 1360 3371 ita
1396 3294 1692 3386 dicam,
1742 3295 1913 3372 sine
1962 3295 2349 3384 fortunio,
2397 3295 2562 3372 hoc'
2598 3295 3006 3374 saeculum
3054 3297 3319 3400 perdit
3351 3297 3708 3378 et-aliud:

588 3451 693 3470 -
739 3414 809 3488 7.
858 3408 1141 3486 Filius:
1215 3409 1289 3485 Ο
1340 3411 1595 3509 pater!
1658 3416 1925 3506 Quare
1974 3410 2274 3488 oblitus
2326 3408 2428 3488 o's'
2460 3409 2736 3486 dicere·
2775 3412 3511 3512 quomodo-:homo
3553 3412 3710 3492 *des

587 3525 776 3602 beat
823 3516 1252 3602 comedere
1301 3545 1574 3611 coram
1622 3526 1852 3624 rege?
1904 3563 2009 3580 --
2066 3530 2330 3602 Pater:
2391 3523 2580 3601 Non
2641 3524 2941 3601 oblitus
3006 3521 3160 3615 fui,
3213 3527 3416 3629 quia
3480 3529 3708 3608 nulla

591 3652 713 3718 est
759 3637 1209 3716 differentia
1282 3636 1709 3715 comedere
1783 3661 2057 3716 coram
2129 3660 2316 3738 rege
2355 3650 2457 3715 et
2495 3635 2725 3717 alibi.
2785 3679 2888 3700 ·-·
2946 3634 3250 3717 Filiusz'
3293 3641 3442 3716 Dic
3495 3663 3702 3740 ergo

594 3752 1033 3876 quomodo
1085 3750 1393 3852 ubique
1443 3747 1783 3827 debeam
1858 3751 2310 3831 comedere.
2370 3791 2473 3814 --·
2509 3757 2652 3830 8
2677 3755 2940 3830 Pater:
3005 3760 3312 3850 Quum·
3363 3756 3708 3838 ablueris

588 3888 882 3940 manus
929 3879 1023 3941 ut
1071 3862 1467 3952 comedaS,
1518 3864 1721 3942 nihil
1766 3879 2040 3965 tangas
2090 3866 2244 3942 nisi
2290 3865 2725 3967 prandium
2773 3866 3048 3945 donee
3089 3869 3483 3984 eomedas·
3563 3871 3701 3949 Ne

591 3975 973 4056 comedas
1020 4000 1315 4079 panem
1366 3976 1629 4056 donec
1677 3980 1941 4060 veniat
1989 3978 2209 4058 aliud
2257 3977 2661 4062 ferculum
2707 4005 2960 4085 super
2994 3977 3379 4076 mensam,
3431 4009 3538 4064 ne
3587 3985 3706 4064 di-

478 4145 489 4150 -
566 4092 794 4174 caris
842 4092 1287 4242 impatiens.
1367 4095 1534 4174 Nec
1581 4098 1897 4174 tantum
1943 4093 2236 4174 bolum
2269 4096 2537 4179 mittas
2586 4095 2674 4178 in
2697 4121 2856 4179 ore
2883 4112 3078 4190 tuo,
3125 4112 3221 4178 ut
3265 4100 3528 4187 micae
3570 4095 3706 4180 tle-1
