3969 4580
2070 115 2217 204 50·

583 307 876 416 bitavit.
977 303 1139 383 Sed
1202 304 1405 382 dum
1467 301 1631 381 filia
1694 327 1844 382 suo
1908 260 2213 383 ostium
2259 305 2599 408 aperiret
2631 304 2977 396 marito,
3047 306 3386 409 arripnit
3432 306 3710 391 venna·

585 421 908 499 nudum
954 420 1314 519 'gladium
1367 435 1445 497 et
1492 420 1896 496 commisit
1944 420 2267 508 amasio,
2315 418 2704 523 jussitque
2750 435 2846 497 ιιι
2877 434 3057 498 ante
3107 425 3409 500 ostium
3457 423 3544 498 in
3577 424 3712 499 ina.

582 536 838 614 ¹troitu
883 535 1147 611 mariti
1196 533 1406 612 filiae
1458 560 1646 612 suae
1697 533 1966 609 stricto
2020 531 2287 630 gladio
2339 547 2602 622 staret,
2679 548 2788 624 et,
2866 534 2931 610 si
2996 535 3299 637 aliquid
3361 537 3704 613 maritus

589 649 663 729 ei
737 648 1236 750 loqueretur,
1312 647 1513 723 nihil
1583 644 2162 747 responderet*
2248 650 2315 721 3.
2355 648 2609 724 ,Fecit
2681 661 2776 724 ut
2845 645 3195 747 jusserat.
3298 650 3708 753 Ostioque

587 775 862 863 aperto
913 775 1008 837 ut
1053 759 1287 841 illum
1334 762 1667 837 maritus
1717 760 1827 837 sic
1876 773 2094 836 stare·
2129 758 2346 850 vidit,
2394 762 2742 838 substitit
2787 760 3091 839 dicens:
3143 764 3364 860 Quis,
3413 764 3704 865 inquit,

585 889 681 954 tu
732 878 857 953 es?
904 917 1002 932 -
1074 879 1260 970 Quo
1312 899 1484 950 non
1545 873 2083 1007 respondente
2149 899 2407 976 quum
2459 876 2822 978 primum
2873 876 3466 985 obstupuisset,
3504 890 3705 957 tunc

587 990 844 1087 magis
894 988 1328 1090 obstupuit.
1426 992 1527 1065 Et
1589 989 1805 1065 intus
1867 985 2182 1064 vetula·
2243 990 2441 1064 Care
2507 1006 2780 1088 gener,
2850 1000 3052 1079 tace,
3128 1014 3231 1066 ne
3271 991 3572 1093 aliquis
3621 1004 3706 1075 te

590 1101 890 1177 audiat!
936 1142 1036 1158 —
1104 1101 1239 1178 Ad
1289 1101 1448 1179 boc
1507 1102 1642 1178 ille
1704 1103 1959 1199 magis
2020 1100 2354 1185 mirans.
2437 1102 2659 1198 Quid
2721 1105 2882 1181 hoc
2933 1117 3079 1193 est,
3153 1103 3462 1205 inquit,
3526 1129 3704 1185 cara

593 1202 969 1290 domina?
1016 1255 1113 1270 -
1189 1219 1421 1291 Tunc
1467 1215 1761 1292 vetula·
1820 1220 2047 1292 Bone
2097 1213 2245 1304 fili,
2295 1231 2674 1293 venerant
2718 1217 2882 1294 huc
2927 1232 3084 1295 tres
3133 1230 3701 1319 persequentes

589 1326 871 1414 istum;
922 1340 1013 1403 et·
1048 1352 1198 1403 nos
1249 1343 1521 1429 aperto
1575 1329 1783 1406 ostio
1834 1328 2053 1404 hunc
2104 1353 2289 1404 cum
2342 1328 2608 1427 gladio
2656 1356 2806 1408 suo
2842 1332 3132 1410 intrare
3168 1332 3700 1437 permisimuS,

594 1440 857 1517 donec
925 1440 1422 1520 discederent
1485 1446 1623 1545 qui
1691 1440 1925 1518 illum
1972 1441 2420 1519 interficere
2469 1444 2860 1521 volebant.
2989 1448 3074 1521 4.-
3128 1446 3286 1540 Qui
3338 1470 3557 1523 nunc
3604 1446 3700 1523 ti·

588 1578 832 1633 mens,
870 1568 947 1630 te
999 1555 1342 1656 aliquem
1398 1582 1489 1633 ex
1537 1558 1692 1633 illis
1744 1567 1941 1645 esse,
1994 1554 2476 1657 stupefactus
2526 1557 2727 1633 nihil
2773 1558 2919 1635 tibi
2969 1556 3404 1658 respondit.
3453 1563 3703 1641 -JEt

591 1669 728 1746 ait:
799 1671 1016 1745 Bene
1064 1670 1389 1761 habea5‚
1458 1670 1820 1760 domina,
1883 1669 2072 1771 quia
2130 1670 2349 1745 hune
2408 1670 2567 1747 hoc
2616 1670 2872 1748 modo
2925 1671 3280 1751 liberasti·
3321 1698 3363 1753 a
3412 1686 3699 1753 morte.

589 1820 689 1839 --
745 1783 848 1857 Et
913 1782 1302 1861 introiens
1364 1785 1774 1863 advocavit
1834 1784 2225 1860 amasium
2277 1785 2549 1860 uxoris
2600 1808 2828 1875 suae,-
2892 1799 2971 1861 et
3016 1810 3292 1865 secum
3341 1811 3530 1865 eum
3580 1809 3700 1862 se-

592 1893 784 1971 dere
831 1894 1038 1973 fecit.
1137 1898 1432 2011 sicque
1496 1899 1866 1977 dulcibus
1926 1898 2322 1999 alloquiis
2365 1897 2790 1975 delinitum
2853 1899 3056 1979 circa
3115 1913 3439 1979 noctem
3485 1898 3699 1981 ezir-e

592 2007 913 2085 dimisit.
2355 2034 2361 2047 ·
2715 2046 2734 2055 -
3277 2054 3284 2061 -

678 2153 687 2163 ·
783 2128 855 2200 5.
940 2125 1445 2228 Ώίεείριιίιιεὲ
1516 2072 1881 2204 Miranda
1932 2125 2250 2202 dixisti.
2315 2124 2477 2202 Sed
2539 2150 2758 2203 nunc
2804 2127 3058 2225 magis
3105 2126 3426 2217 illarum
3469 2149 3700 2227 prae-

591 2250 1151 2371 sumptuosam
1199 2241 1471 2317 miror
1507 2239 1937 2318 audaciam.
2036 2225 2248 2318 Volo
2295 2254 2567 2316 tamen
2615 2254 2709 2316 ιιι
2747 2239 3009 2317 adhuc
3042 2242 3244 2320 mihi
3265 2239 3384 2323 de
3415 2252 3694 2322 eanum

590 2350 963 2448 ingeniis,
1024 2352 1089 2427 si
1150 2378 1321 2432 non
1370 2354 1631 2431 fuerit:
1658 2377 1921 2452 grave,
1983 2353 2217 2429 dicas.
2279 2356 2746 2447 Quantum
2811 2355 3064 2430 enim
3077 2356 3329 2453 magis
3380 2355 3697 2443 dixeris,

506 2533 513 2540 ,
589 2477 907 2544 tantum
952 2462 1256 2564 majora
1292 2468 1837 2567 promerebis⁴
1867 2505 1969 2532 -·-·
2040 2466 2170 2544 Ad
2218 2477 2472 2565 quem
2489 2467 2914 2564 magister.
2985 2472 3280 2560 Nonne
3332 2469 3490 2546 tibi
3534 2464 3700 2548 sui-

590 2563 877 2654 ficiunt
921 2578 1064 2655 ista
1114 2581 1261 2655 tria
1314 2605 1518 2680 quae
1567 2581 1709 2655 tibi
1762 2580 2111 2658 narravi?
2207 2581 2310 2654 Et
2372 2591 2464 2653 ιιι
2511 2579 2888 2655 nondum
2942 2579 3235 2656 desinis
3262 2581 3701 2680 instigare?

591 2733 709 2756 ·-
736 2696 837 2796 6.Ι
860 2692 1367 2794 Discipulus:
1418 2694 1641 2770 Tria
1656 2694 2040 2781 dicendo.
2090 2692 2439 2772 nimium
2491 2701 2728 2789 auges
2774 2694 3186 2774 recitando
3217 2711 3700 2783 numerum,

590 2803 733 2882 sed
781 2829 1037 2905 pauca
1083 2809 1530 2883 sonuerunt
1572 2813 1887 2886 verbam
1880 2808 2081 2883 Dic
2150 2789 2337 2904 ‘ergo
2404 2829 2699 2893 unum,
2771 2806 3002 2905 quod
3055 2808 3308 2905 longa·
3341 2809 3703 2886 verbosir

402 3017 425 3026 -
588 2932 747 2995 tate
794 2919 1093 3020 repleat
1140 2945 1663 3010 aures-meaS,
1727 2936 1806 2997 et
1853 2921 1963 2997 sic
2003 2920 2214 2996 mihi
2266 2916 2626 2998 sufficiat.
2675 2953 2778 2974 ·-
2847 2920 3248 3016 Magister:
3324 2921 3531 2996 Cave
3590 2945 3725 3015 ne,

388 3123 407 3144 .
498 3126 516 3132 ¹
591 3033 999 3132 contingat
1044 3034 1252 3110 inter
1296 3037 1453 3111 nos'
1499 3034 1728 3136 quod
1775 3035 2301 3131 interregem
2351 3043 2434 3108 et
2475 3041 2718 3108 s'uum
2767 3029 3300 3110 fabulatorem
3347 3031 3694 3131 contigit.

587 3184 690 3203 —
723 3145 1208 3250 Discipulus:
1259 3146 1498 3244 Quid,
1533 3171 1710 3244 care
1741 3148 2130 3245 magister,
2166 3145 2368 3249 quid
2397 3143 2726 3224 tandem
2759 3143 3085 3223 accidi-t?
3117 3179 3222 3224 με
3243 3145 3644 3256 Magister:

2007 3333 2260 3430 XIII.
2373 3414 2387 3426 .

2457 3447 2474 3452 ”
3250 3439 3278 3473 Α

768 3492 850 3564 ·l.
915 3491 1083 3567 Rex
1116 3484 1469 3587 quidam
1514 3486 1799 3562 habuit
1844 3484 2377 3568 fabulatorem
2427 3500 2701 3577 suumj,
2754 3488 2894 3590 qui
2945 3487 3273 3587 singulis
3315 3487 3693 3572 ‘noctibus

588 3601 956 3704 quinque
1002 3600 1152 3675 sibi
1203 3622 1521 3677 narrare
1571 3598 1883 3680 fabulas
1930 3616 2482 3702 oonsueverat..
2525 3603 2892 3701 ¹Contigit
2926 3601 3262 3680 tandem
3293 3602 3521 3703 quod
3557 3617 3692 3680 r'ex

590 3716 802 3791 euris
850 3711 1339 3816 quibusdam
1388 3713 1770 3790 sollicitus
1819 3715 2155 3796 minime
2204 3731 2492 3818 posset,
2525 3716 2911 3805 dormire,
2973 3714 3694 3818 pluresfluesolito

587 3827 979 3926 quaesivit
1020 3824 1296 3903 audire
1337 3826 1664 3905 fabulas.
1759 3828 1903 3906 Ille
1943 3844 2211 3906 autem
2248 3846 2406 3926 tres
2443 3831 2900 3932 superhaec
2927 3830 3312 3910 enarravit
3339 3827 3483 3908 sed
3511 3855 3694 3930 par-

588 3959 743 4014 vas.
850 3942 923 4017 2.
984 3940 1598 4036 Quaesivitxrex
1660 3944 2251 4046 etiam-plures
2376 3947 2545 4026 Ille2
2601 3969 2791 4023 vero
2863 3943 3337 4022 nullatenus
3411 3944 3693 4024 *oluit-
3779 4033 3788 4040 ‚

588 4050 939 4129 nimmt-
972 4055 1191 4131 mim
1254 4053 1448 4155 jam?
1479 4058 1682 4135 sicut
1740 4056 2050 4156 jussum
2112 4058 2370 4154 fuerat
2429 4060 2582 4137 sibi
2643 4059 2958 4138 multaS.
3069 4054 3192 4135 Ad
3253 4056 3453 4134 haee
3501 4069 3692 4138 -oe'n

586 4162 983 4246 Plurimae
1040 4167 1219 4269 jam
1250 4173 1589 4276 narrasti,
1616 4173 1775 4264 sed
1818 4174 2356 4270 brevissimas.
2407 4173 2699 4255 vellem
2748 4198 2936 4256 vero
2986 4181 3067 4251 te
3113 4169 3480 4272 aliquam
3515 4196 3692 4276 rem
