3969 4580
608 320 875 401 m'ulto
920 320 1196 397 minor
1240 314 1497 396 fi1ero.
1574 311 1735 399 Sed
1784 314 1851 392 si
1903 313 2120 392 abire
2167 336 2305 392 me
2349 311 2828 417 permiseris
2876 322 3253 411 magnarii
3287 310 3733 395 utilitatem

610 459 707 513 ex
763 456 899 512 me
962 433 1492 533 consequeris.
1553 470 1657 491 ·--
1732 433 1803 506 4.
1873 433 1975 507 Αι
2035 428 2173 505 ille
2239 426 2685 530 respondit.
2753 432 3021 522 Quam
3096 426 3566 504 utilitatem?
3626 467 3729 485 -

609 548 825 626 Avis:
877 545 1318 626 Ostendam
1365 544 1510 621 tibi
1538 556 1718 621 tres
1766 535 2193 646 sapientiae
2239 541 2653 630 maneries,
2708 564 2907 642 quas
2943 536 3271 637 majoris
3320 541 3554 643 pretii
3607 537 3731 616 fa·

559 660 769 754 ,cies
842 686 1089 764 quam
1159 659 1408 734 trium
1471 657 1914 734 vitulorum
1993 678 2286 733 carnes·
2353 694 2450 712 -
2522 657 2625 732 At
2693 653 2832 729 ille
2904 675 3231 731 securus
3301 653 3733 756 promissis

609 798 837 853 avem
886 771 1245 875 permisit
1293 770 1529 859 abire,
1581 771 1709 847 cui
1763 771 1961 848 avis·
2012 773 2293 848 Unum
2343 779 2459 843 est
2508 766 2610 842 de
2659 766 3107 868 promissis:
3176 770 3320 843 Ne
3382 766 3732 845 credas

609 888 1075 965 omnibus
1108 883 1637 985 promissis
1666 884 1816 960 vel
1861 882 2168 960 dictis.
2249 874 2718 957 Secundum
2751 893 2895 957 est:
2948 878 3234 974 Quod
3266 892 3550 957 tuum
3581 891 3732 955 est

606 999 852 1076 habe
885 1020 1302 1097 semper,
1353 996 1434 1071 si
1467 1008 1775 1096 potes.
1828 964 2198 1072 Tertium
2233 1006 2382 1070 est:
2430 998 2573 1072 Ne
2601 992 2949 1070 doleas
2983 991 3103 1068 de
3127 993 3534 1069 amissis.
3572 1031 3675 1049 -

800 1116 872 1188 5.
966 1114 1145 1186 Hoc
1213 1108 1428 1184 dicto
1494 1102 1795 1186 avicula
1860 1111 2234 1185 arborem
2287 1104 2689 1201 ascendit,
2756 1118 2834 1181 et
2895 1102 3407 1181 dulcicanore
3459 1103 3730 1183 dicere

606 1223 903 1326 coepit:
950 1221 1427 1309 Benedictus
1474 1223 1714 1310 Deus,
1764 1221 1906 1321 qui
1955 1235 2293 1297 tuorum
2344 1219 2598 1295 aciem
2649 1200 3081 1294 oculorum
3130 1217 3429 1309 clausit,
3478 1232 3557 1297 et
3605 1244 3730 1296 sa·

486 1420 499 1429 ἢ
606 1335 992 1438 pientiam
1041 1334 1184 1409 tibi
1239 1332 1588 1420 abstulit3
1653 1334 2044 1433 quoniam
2094 1333 2159 1408 si
2211 1330 2775 1407 intestinorum
2824 1330 3068 1432 plicas
3113 1353 3496 1409 meorum
3544 1346 3728 1434 per·

610 1448 1005 1549 quisisses,
1053 1446 1296 1521 unius
1343 1445 1627 1521 unciae
1675 1444 2199 1544 hyacinthum
2249 1443 2701 1522 invenisses,
2745 1484 2849 1499 -
2907 1448 3121 1520 Haec
3186 1441 3521 1521 audiens
3585 1444 3728 1524 ille

492 1608 507 1627 ν
610 1561 876 1662 coepit
919 1560 1113 1649 flere
1164 1572 1241 1635 et
1287 1557 1573 1660 palmis
1619 1573 1896 1661 pectus
1944 1570 2393 1661 percutere,
2461 1556 2852 1659 quoniam
2916 1556 3144 1639 dictis
3193 1555 3447 1637 fidem
3494 1580 3728 1660 prae·

605 1672 891 1749 buerat
954 1671 1319 1749 aviculae.
1418 1676 1486 1747 6.
1551 1673 1653 1747 At
1713 1672 1872 1748 avis
1939 1672 2049 1746 ait
2108 1670 2256 1746 illi:
2326 1670 2507 1747 Cito
2581 1670 2880 1747 oblitus
2945 1694 3030 1747 es
3090 1694 3400 1760 sensus,
3470 1695 3724 1774 quem

610 1783 770 1862 dixi
817 1784 984 1860 tibi.
1078 1789 1375 1862 Nonne
1427 1785 1586 1861 dixi
1646 1786 1829 1863 tibi.
1891 1788 2018 1861 Ne
2079 1783 2237 1860 cito
2302 1782 2576 1860 credas
2636 1782 3025 1887 quicquid
3074 1784 3433 1863 dicetur?
3495 1790 3724 1880 Quo·
3799 1826 3806 1829 ·

606 1896 868 1974 modo
920 1898 1206 1987 crediS,
1259 1897 1483 2001 quod
1534 1899 1621 1973 in
1670 1921 1806 1974 me
1855 1896 1955 1972 sit
2000 1896 2476 1994 hyacinthus
2518 1897 2659 1997 qui
2710 1898 2808 1972 sit
2856 1895 3246 1998 ponderis
3272 1897 3519 1975 unius
3565 1922 3723 1974 un-

607 2010 809 2100 ciae,
875 2036 1134 2113 quum
1207 2034 1355 2108 ego
1418 2023 1586 2087 tota
1656 2034 1827 2087 non
1877 2009 2036 2085 sim
2082 2009 2278 2085 tanti
2328 2008 2762 2110 ponderis?
2807 2000 2909 2086 Et
2958 2010 3119 2086 dixi
3167 2010 3346 2087 tibi.
3395 2014 3518 2090 Ne
3569 2011 3726 2092 do·

606 2122 769 2231 leas
805 2122 907 2200 de
937 2124 1181 2200 rebus
1216 2122 1554 2210 amissis3
1607 2148 1854 2225 quare
1887 2148 2040 2225 pro
2076 2122 2556 2220 h‘yacinthos
2579 2125 2721 2225 qui
2769 2124 2856 2199 in
2888 2147 3025 2200 me
3059 2136 3194 2211 est,
3231 2122 3517 2203 doles?
3546 2168 3650 2185 —-

807 2235 1136 2314 Talibus
1186 2236 1416 2314 dictis
1468 2250 1546 2314 et
1590 2238 1889 2314 rustico
1943 2235 2237 2323 deriso,
2286 2235 2446 2310 avis
2493 2236 2581 2311 in
2631 2237 2988 2316 nemoris
3038 2237 3204 2316 avia
3255 2235 3669 2318 devolavit.

801 2353 871 2429 7.
967 2347 1512 2451 Philosophus
1599 2349 1933 2452 quidam
2020 2372 2264 2424 suum
2354 2346 2751 2445 castigavit
2834 2350 3323 2454 discipulum
3406 2353 3721 2435 dicens:

606 2461 1016 2564 Quicquid
1080 2463 1436 2540 invenies
1495 2461 1739 2561 legas:
1814 2463 1958 2539 sed
2001 2463 2189 2538 'non
2253 2455 2525 2537 credas
2589 2463 2817 2539 omni
2882 2464 3110 2570 quod
3171 2466 3386 2565 legis.
3431 2490 3534 2558 5-
3588 2466 3720 2548 Ad

603 2573 769 2651 hoc
816 2573 1289 2677 discipulus:
1352 2575 1617 2653 Credo
1686 2599 1857 2652 non
1920 2597 2089 2651 esse
2135 2597 2418 2650 verum
2471 2574 2859 2678 quicquid
2910 2575 3159 2656 estin
3208 2578 3462 2658 libris!
3523 2605 3720 2667 nam

605 2687 868 2765 simile
915 2688 1107 2764 huic
1167 2688 1328 2788 jam
1388 2689 1544 2789 legi
1607 2690 1694 2765 in
1742 2688 1966 2764 libris
2017 2699 2095 2763 et
2142 2687 2582 2787 proverbiis
2630 2689 3350 2792 philosophorum·
3413 2694 3720 2775 Multae

605 2812 796 2876 sunt
853 2802 1210 2894 arbores,
1274 2802 1415 2879 sed
1476 2827 1646 2880 non
1715 2825 2001 2879 omnes
2050 2798 2352 2878 faciunt
2397 2798 2786 2890 fiuctutm
2844 2803 3083 2878 multi
3147 2817 3339 2880 sunt
3383 2804 3717 2937 fructus,

603 2912 747 2990 sed
796 2937 996 2991 non·
1019 2939 1305 2992 omnes
1355 2917 1905 2994 comestibiles.

793 3031 864 3104 8.
963 3027 1380 3125 Castigavit
1425 3028 1676 3104 Arabs
1725 3028 1990 3105 filium
2050 3051 2294 3107 suum
2346 3024 2647 3102 dicens·
2722 3027 2908 3117 Fili,
2977 3050 3082 3106 ne
3145 3025 3493 3109 dimittas
3556 3060 3712 3137 pro

601 3134 894 3216 futuris
941 3141 1411 3242 praesentia,
1473 3162 1577 3214 ne
1636 3137 1848 3216 forte
1908 3139 2199 3241 perdas
2255 3152 2734 3241 utrumque,
2794 3141 3001 3221 sicut
3048 3143 3307 3223 evenit
3351 3142 3554 3250 lupo
3606 3150 3713 3232 de

484 3261 537 3284 “
601 3250 871 3333 bobus
918 3252 1373 3356 promissis
1356 3277 1429 3331 a
1472 3250 1810 3330 mstieo.
2375 3291 2382 3296 ·

1920 3509 1929 3522 -
1976 3444 2323 3542 XXIV.

795 3601 863 3673 1.
935 3599 1263 3677 Dictum
1309 3619 1663 3702 namque
1709 3595 1865 3677 fuit
1914 3598 2018 3678 de
2069 3615 2395 3690 aratore,
2445 3599 2673 3704 quod
2720 3601 2970 3682 boves
3018 3602 3233 3681 illius
3279 3617 3502 3683 recto
3547 3618 3706 3682 tra·

602 3706 798 3784 mite
861 3711 1173 3789 nollent
1222 3713 1631 3802 incedere,
1695 3714 1992 3815 quibus
2039 3711 2283 3790 iratus
2335 3711 2565 3790 dixit:
2624 3718 2828 3818 Lupi
2891 3729 3038 3793 vos
3102 3715 3558 3795 comedant!
3604 3757 3707 3775 —

600 3820 853 3914 Quod
902 3822 1144 3927 lupus
1193 3826 1525 3903 audiens
1576 3827 1983 3927 acquievit.
2059 3832 2338 3928 Quum
2389 3841 2656 3905 autem
2705 3826 2877 3906 dies
2928 3829 3376 3920 declinaret,
3428 3844 3507 3908 et
3541 3828 3708 3930 jam

590 3934 943 4016 rusticus
1006 3937 1107 4015 de
1174 3954 1431 4017 aratro
1495 3941 1744 4016 boves
1809 3930 2175 4029 solveret,
2239 3940 2472 4017 venit
2504 3940 2608 4018 ad
2669 3965 2858 4020 eum
2921 3942 3161 4045 lupus
3213 3941 3516 4020 dicens.
3580 3946 3705 4023 Da

597 4048 802 4126 mihi
862 4052 1141 4143 boves,
1218 4078 1427 4156 quos
1496 4053 1954 4156 promisisti.
1997 4093 2100 4110 --
2176 4052 2304 4131 Ad
2365 4052 2561 4131 haec
2619 4068 2921 4133 aratore
2985 4057 3072 4132 Si
3117 4054 3460 4135 verbum
3521 4057 3704 4149 dixi,

596 4183 773 4242 non
833 4179 1106 4247 tamen
1142 4182 1659 4247 sacramento
1723 4163 2214 4250 confimaevi.
2258 4205 2359 4228 ·-
2457 4170 2561 4247 Et
2632 4168 2874 4271 lupus
2947 4182 3301 4249 econtra·
3387 4170 3704 4252 Habere
