3969 4580
39 6 664 17 —F-ff-v-——ffijjff

2084 104 2210 196 82

633 364 701 377 -.
745 282 866 378 '33
941 298 1193 379 Aliust
1237 293 1448 379 Vide
1509 317 1616 373 ne
1679 290 2077 396 decipiant
2134 305 2217 369 te
2281 288 2718 369 saeculares
2784 285 3144 393 deliciae,
3218 294 3299 367 et
3357 284 3712 365 irretitus

601 412 924 493 fallaciis
972 411 1537 500 saecularibus,
1599 408 1883 487 mortis
1933 420 2311 483 venturae
2360 403 2881 491 obliviscariS,
2941 425 3047 479 ne
3107 400 3249 477 tibi
3303 399 3713 496 contingat

603 530 806 606 sicut
852 526 1142 605 latroni
1191 525 1540 603 domum
1589 520 1850 600 divitis
1897 519 2232 599 ineunti.
2283 558 2384 577 --
2430 519 2597 617 ,Cui
2658 514 2914 594 filius:
2969 514 3145 594 Ede
3189 526 3445 618 pater,
3502 508 3712 615 quid

605 640 936 721 {Geiditl'
979 680 1082 713 -e-
1127 645 1390 717 Pater}
1443 706 1450 713 .
1981 642 1989 651 ⁹
3280 664 3287 671 ·

796 757 868 831 4.
945 756 1312 831 Domum
1377 747 1639 826 divitis
1697 746 1834 825 fur
1896 744 2233 848 quidam
2298 745 2652 832 intravit,
2731 756 2812 820 et
2871 740 3201 819 diversis
3262 764 3439 818 eam
3503 737 3713 837 gazis

600 866 925 971 plenam
982 862 1306 940 invenit.
1397 861 1606 939 Hinc
1666 858 2152 961 stupefactus
2218 858 2322 939 de
2390 857 2718 935 diversis
2782 855 3120 944 diversa,
3186 854 3291 931 de
3343 852 3713 954 pretiosis
3820 855 3825 859 ’

597 979 951 1083 pretiosa
1012 974 1316 1075 eligere
1358 967 1761 1051 studendo
1827 972 2159 1054 curavit,
2210 984 2288 1044 et
2336 994 2706 1072 quaeque
2753 968 2935 1044 vilia
2982 968 3391 1069 linquens,
3438 966 3527 1041 in
3578 964 3716 1044 eli-
3822 1030 3841 1040 -

603 1089 871 1193 gendo
921 1104 1241 1192 tempus
1291 1083 1768 1166 consumsit:
1830 1079 2095 1157 donec
2144 1075 2317 1154 dies
2364 1078 2690 1156 veniens
2732 1079 2943 1183 quid
2989 1079 3249 1157 facere
3280 1077 3530 1173 vellet
3576 1077 3715 1156 de-

604 1205 825 1293 texit,
900 1216 981 1280 et
1047 1200 1422 1304 perrecti.
1463 1197 1568 1272 de
1628 1193 2073 1296 improviso
2120 1189 2395 1288 vigiles
2430 1189 2787 1283 domus,
2838 1195 2938 1269 .in
3006 1193 3380 1292 eligendo
3445 1190 3716 1271 furem

604 1318 1044 1418 reperiunt.-
1118 1318 1188 1392 5.
1251 1312 1762 1390 Carceratum
1805 1304 2033 1383 unde
2079 1303 2276 1383 loris
2316 1316 2407 1380 ,et
2451 1301 2796 1383 fustibus
2835 1330 3156 1384 caesum
3202 1309 3291 1385 in
3337 1307 3502 1385 ima
3552 1331 3715 1385 car·

413 1430 432 1449 ⁶
614 1428 808 1506 ceris
857 1427 1406 1507 detruderu‘nt.
1501 1420 1629 1501 Ad
1672 1420 2059 1497 ultimum
2109 1417 2288 1497 data
2350 1417 2558 1494 sicut
2619 1417 2721 1495 de
2767 1416 2930 1517 jam
2980 1419 3354 1498 confesso
3405 1434 3717 1499 senten-

508 1522 515 1528 ’
611 1537 752 1627 tia,
825 1562 1128 1621 amaras
1151 1539 1508 1617 audiens
1556 1534 1966 1623 historias,
2041 1531 2453 1636 capitalem
2504 1532 2974 1609 sententiam
3025 1535 3285 1641 subiit.
3382 1538 3458 1616 6.
3533 1534 3715 1630 Qui,

613 1649 682 1727 si
752 1661 917 1726 tam
1007 1678 1263 1756 prope
1341 1650 1561 1728 diem
1648 1661 2082 1724 venturum
2172 1646 2812 1747 praecogitasset,
2893 1666 3019 1724 ne·
3073 1645 3268 1723 loris
3342 1660 3423 1724 et
3490 1645 3719 1724 fusti-

610 1763 770 1840 bus
818 1762 1310 1856 caederetur,
1354 1764 1514 1854 vel,
1565 1758 1793 1863 quod
1839 1759 2159 1860 gravius
2208 1758 2486 1850 extitit,
2535 1782 2641 1839 ne
2689 1759 2943 1863 capite
2988 1760 3445 1863 privaretur,
3492 1784 3725 1863 prae-2

617 1876 960 1954 cavisset.
2366 1906 2375 1913 ·
2864 1882 2873 1889 “
3178 1888 3191 1899 ·
3530 1886 3537 1891 ·

1957 2054 2391 2173 XXXVL

812 2221 880 2295 1.
952 2215 1188 2296 Alius·
1234 2214 1773 2320 philosophus
1834 2216 1974 2294 ait:
2048 2216 2307 2316 Hujus
2372 2215 2663 2295 saeculi
2726 2215 3042 2297 divitiae
3103 2233 3292 2298 sunt
3349 2216 3717 2298 transito-

511 2417 518 2424 ,
615 2330 809 2421 riae,
882 2330 1087 2409 sicut
1155 2331 1511 2409 hominis
1553 2330 1892 2407 'somnia
1962 2330 2469 2421 dormientiS,
2543 2333 2686 2433 qui
2750 2333 3126 2433 evigilans
3189 2357 3716 2436 quaecunque

613 2445 1005 2523 habuerat
1069 2444 1160 2522 in
1219 2441 1654 2549 aperiendo
1719 2443 2005 2523 oculos
2062 2445 2781 2550 irrecuperabiliter
2835 2447 3132 2550 perdit,
3204 2448 3406 2524 sicut
3472 2447 3715 2546 vulgo

618 2558 942 2638 dicitur:
1085 2619 1097 2628 .
3163 2635 3172 2644 .

805 2675 877 2750 2.
959 2672 1240 2776 Opilio
1285 2671 1640 2776 'quidam
1695 2670 1782 2748 in
1861 2673 2169 2751 somnis
2230 2674 2452 2753 mille
2515 2700 2706 2753 oves
2767 2674 3077 2772 habuit,
3151 2698 3349 2779 quas
3417 2697 3715 2773 magno

618 2787 949 2887 cupiens
998 2810 1285 2874 emere,
1330 2801 1424 2864 ut
1473 2789 1731 2866 carius
1760 2787 2159 2878 venderet,
2209 2789 2410 2866 sicut
2457 2788 2888 2872 somnianti
2935 2788 3193 2863 visum
3241 2787 3513 2878 fixerat,
3563 2812 3713 2891 pro

614 2924 1104 3002 unaquaque
1153 2900 1363 2976 duos
1412 2902 1716 3002 solidos
1767 2897 1958 2978 dare
1994 2902 2330 2980 volebat.
2415 2902 2574 2980 Sed
2626 2901 2779 3003 qui
2814 2898 3235 2989 vendebat;
3273 2924 3460 2977 cum
3511 2902 3718 2986 duo-.

614 3012 774 3091 hus
820 3012 1100 3089 solidis
1151 3012 1568 3090 denarium
1616 3042 1767 3117 pro
1819 3021 2307 3118 unaquaque
2353 3015 2750 3115 poscebat.
2844 3011 3009 3090 Illis
3058 3012 3163 3090 de
3217 3015 3473 3116 pretio
3523 3040 3716 3095 con-

614 3125 1131 3206 tendentibus
1179 3125 1338 3205 hoc
1383 3127 1643 3206 modo
1694 3153 2034 3207 somnus
2085 3129 2420 3204 evanuit.
2519 3130 2590 3203 3.
2654 3122 2817 3202 Sed
2856 3121 3244 3217 venditor,
3296 3127 3495 3205 dum
3545 3155 3721 3209 esse

614 3241 1033 3318 somnium
1084 3244 1492 3342 comperit,
1541 3241 1917 3321 nondum
1968 3241 2256 3343 apertis
2302 3238 2559 3317 oculis
2603 3237 2942 3317 clamare
2992 3241 3283 3341 coepit:
3331 3246 3488 3319 Pro
3518 3268 3721 3323 una—
3775 3329 3787 3340 ,

615 3377 940 3459 quaque
987 3355 1189 3431 mihi
1222 3355 1495 3454 viginti
1547 3354 1921 3433 denarios
1965 3355 2250 3443 tribue,
2302 3368 2380 3431 et
2429 3356 2834 3456 quotq’uot
2865 3368 3053 3431 sunt
3079 3368 3349 3431 tecum
3384 3355 3663 3434 abduc.

743 3551 750 3559 ‚
808 3470 878 3543 4.
976 3472 1212 3547 Hunc
1259 3493 1450 3546 vero
1502 3468 1586 3543 in
1650 3469 2003 3546 modurn
2066 3467 2551 3545 transeuntia
2610 3466 2902 3545 mundi
2969 3465 3256 3567 gaudia
3320 3483 3719 3564 sectantes,

618 3595 699 3662 et
747 3580 1096 3671 diversis,
1141 3596 1237 3659 ut
1281 3581 1694 3670 retineant,
1737 3581 2153 3668 inhiantes,
2204 3581 2306 3659 de
2340 3580 2780 3685 improviso
2812 3581 3161 3660 veniens.
3188 3581 3359 3662 dies
3409 3598 3487 3662 et
3518 3582 3717 3662 'finis

615 3695 819 3774 vitae
865 3695 1284 3796 intercipit,
1331 3701 1410 3771 et
1457 3699 1826 3797 quaeque
1876 3695 2161 3797 cupita,
2206 3694 2471 3787 velint,
2517 3694 2801 3787 nolint,
2848 3693 3149 3775 adimit.

1881 3839 1890 3848 ’
1931 3883 2411 3980 xxxvn.

811 4039 879 4112 1.
957 3985 1159 4124 Item
1208 4035 1456 4118 filius:
1504 4037 1786 4117 Mortis
1835 4062 2087 4148 nexus
2137 4039 2406 4140 aliquo
2456 4038 2714 4117 modo
2764 4037 3047 4139 fugere
3090 4040 3580 4145 poterimus?
3614 4081 3721 4098 -

616 4151 879 4230 Pater:
926 4151 1280 4230 Minime.
1383 4155 1790 4249 Quoniam
1839 4153 2054 4234 illius
2101 4153 2559 4233 incurabilis
2608 4167 2727 4254 est
2770 4173 3129 4275 morsus,
3187 4178 3336 4232 nec
3383 4152 3723 4233 medicis
