3969 4580
2070 127 2195 260 62

404 324 417 339 “
500 322 1023 431 'quisivimus
1086 315 1190 423 de
1242 316 1535 395 ‘itinere
1581 317 1795 393 illius
1847 317 2192 395 semitae.
2275 320 2395 395 At
2461 339 2699 393 senex
2764 315 2898 395 ait':
2955 318 3319 452 Propius
3387 318 3686 400 semita:

554 439 777 518 ducit
834 435 935 513 ad
999 434 1394 510 civitatem
1438 455 1709 561 quam
1770 454 2057 546 magna
2125 431 2284 520 via,
2360 444 2440 507 et
2501 445 2773 507 tamen
2843 430 3078 509 citius
3140 434 3476 511 venietis
3542 459 3694 536 par

552 574 928 652 magnam
983 550 1193 627 viam
1256 545 1375 622 ad.
1419 544 1815 645 civitatem
1868 572 2122 648 quam
2178 570 2321 648 per
2369 547 2756 622 semitam.
2804 585 2907 603 -
3013 548 3114 621 2.
3133 550 3310 622 Hoc
3360 546 3698 625 audienae»

553 680 670 745 tes
703 666 937 742 illum
970 688 1120 765 pro
1150 659 1391 737 stulto
1445 659 1897 749 habuimuS,
1950 674 2030 737 et
2076 683 2450 759 magnam
2473 660 2686 750 viam
2711 668 3300 762 praetereuntes
3327 658 3430 737 ad
3458 662 3697 738 semi..

553 796 720 859 tam
771 777 1362 862 declinavimus,
1398 798 1643 874 quam
1673 775 2124 852 insistentes
2153 775 2255 851 ad
2283 773 2637 850 dextram
2665 787 2743 851 et
2771 774 3166 853 sinistram
3212 789 3509 878 quanta
3539 773 3698 854 fuit

557 920 718 973 nox
756 891 1315 977 deerravimus,
1366 910 1515 963 nee
1554 888 1652 964 ad
1693 889 2083 966 civitatem
2116 890 2648 991 pervenimus.
2745 890 2848 965 At
2896 887 2960 964 si
3010 912 3156 989 per
3204 889 3484 966 callem
3513 913 3696 993 per·

557 1008 1033 1086 rexissemus
1080 1001 1366 1107 procul
1419 1001 1671 1078 dubio
1712 1003 1991 1079 media
2042 1017 2276 1081 nocte
2327 1003 2720 1079 civitatem
2768 1001 3458 1108 subintrassemus.

753 1125 825 1198 3.
896 1125 1154 1197 Pater
1203 1116 1306 1193 ad
1356 1115 1589 1190 haec:
1664 1118 1878 1191 Haec
1930 1118 2180 1194 nobis.
2223 1118 2369 1194 alia
2422 1116 2921 1194 vice-evenit.

755 1237 837 1310 4.·
926 1238 1204 1328 Quum
1279 1251 1795 1331 pergeremus
1868 1255 2016 1333 per
2091 1231 2326 1307 aliam
2379 1230 2613 1307 .viam
2674 1250 3049 1326 magnam
3114 1227 3217 1304 ad
3293 1229 3693 1309 civitatem

565 1361 925 1452 praeerat
974 1344 1211 1421 nobis
1260 1343 1588 1431 fluvius,
1666 1369 1914 1446 quem
1980 1368 2505 1448 quocumque
2568 1341 2827 1419 modo
2878 1343 3284 1419 transituri
3337 1368 3689 1436 eramus,

562 1475 993 1563 antequam
1045 1459 1437 1534 civitatem
1489 1459 1990 1535 intraremus
2093 1459 2386 1559 Sicque
2434 1457 2673 1533 nobis
2722 1457 2874 1551 iter
2921 1457 3336 1555 agentibus
3367 1459 3457 1535 in
3493 1459 3693 1537 duas

560 1590 823 1679 partes
878 1588 995 1650 est
1042 1587 1247 1649 secta
1298 1573 1442 1661 via,
1493 1598 1840 1674 quarum
1889 1596 2070 1667 una,
2105 1568 2208 1647 ad
2260 1572 2657 1647 civitatem
2710 1595 2856 1672 per
2903 1570 3222 1660 vadum,
3271 1570 3513 1650 altera
3546 1598 3694 1676 pet

559 1702 907 1791 pontem·
954 1686 1313 1763 ducebat.
1415 1684 1730 1762 Deinde
1780 1710 2055 1762 senem
2124 1684 2534 1787 quendam
2597 1685 2979 1774 vidimus,
3044 1710 3292 1787 quem
3343 1685 3447 1765 de
3497 1686 3697 1766 dua*

561 1804 719 1880 bus
767 1803 921 1887 viis
978 1825 1184 1901 quae
1249 1799 1470 1901 prius
1543 1797 1872 1875 duceret
1930 1798 2034 1873 ad
2088 1798 2478 1909 civitatem
2524 1798 3248 1898 interrogavimus..
3310 1805 3381 1877 5.
3433 1804 3692 1880 Senex

564 1929 869 1992 autem:
944 1914 1275 1990 Brevior
1341 1926 1459 1988 est
1517 1913 1641 1989 via
1684 1910 1793 1988 ad
1846 1911 2240 1987 civitatem
2288 1936 2436 2014 per
2482 1912 2782 1989 vadum
2836 1915 3161 1990 duobus
3209 1914 3689 1993 milliaribus

564 2044 810 2130 quam
862 2027 983 2102 via
1030 2051 1177 2128 per
1222 2040 1594 2127 pontem,
1670 2023 1811 2101 sed
1875 2040 2174 2116 tamen,
2249 2026 2545 2128 inquit,
2621 2027 2852 2104 citius
2914 2030 3244 2128 potestis
3292 2056 3438 2133 per
3483 2055 3690 2133 pon-

562 2158 729 2219 tem
777 2140 1048 2217 venire
1099 2137 1202 2215 ad
1253 2140 1663 2214 civitatem.
1694 2180 1796 2194 -
1849 2142 1952 2219 Et
2002 2140 2335 2242 quidam
2389 2165 2480 2216 ex
2529 2140 2821 2218 nostris
2851 2141 3104 2218 ‘illum
3140 2167 3437 2235 senem,
3487 2145 3692 2221 sicut

564 2280 707 2331 vos
758 2269 1109 2331 vestrum
1162 2265 1406 2339 antea,
1459 2249 1924 2340 deriserunt,
1978 2266 2056 2328 et
2101 2277 2247 2354 per
2294 2253 2594 2330 vadum
2644 2254 2794 2331 iter
2845 2257 3181 2354 aggressi
3218 2272 3424 2335 sunt.
3477 2319 3484 2328 .
3526 2257 3691 2336 Sed

567 2392 857 2445 eorum
910 2367 1058 2455 alii,
1091 2365 1353 2440 socios
1404 2389 1596 2462 suos
1647 2365 2110 2442 submersos
2163 2366 2686 2467 dimiserunt;
2717 2367 2868 2444 alii
2923 2393 3177 2471 equos
3230 2383 3310 2448 et
3343 2373 3682 2451 sarcinas

564 2481 1127 2584 perdideruntj
1193 2477 1529 2578 quidam
1577 2501 1766 2554 vero
1819 2503 2136 2579 pannos
2182 2478 2708 2569 madefactas,
2776 2482 2904 2557 alii
2956 2487 3297 2562 omnino
3353 2487 3689 2564 amissos

567 2593 1081 2684 defleverunt.
1199 2593 1269 2667 6.
1339 2589 1499 2666 Sed
1560 2614 1712 2666 nos
1778 2605 1859 2694 et
1917 2609 2153 2669 senex
2217 2609 2490 2671 noster
2554 2596 2693 2698 qui
2746 2621 2893 2697 per
2938 2614 3275 2700 pontem
3324 2599 3684 2678 transivi-

563 2717 751 2784 mus
800 2709 970 2783 sine
1021 2704 1605 2807 impedimento
1656 2718 1738 2780 et
1788 2707 2090 2814 absque
2140 2709 2367 2784 omni
2418 2709 2954 2792 incommodo*
2988 2715 3557 2813 processimus,
3612 2727 3692 2791 et

568 2844 708 2896 eos
760 2843 1003 2919 super
1049 2821 1305 2920 ripam
1356 2817 1716 2893 fluminis
1769 2820 2032 2896 adhuc
2080 2819 2462 2919 jacturam
2507 2822 2888 2899 deflentes
2923 2825 3387 2925 reperimus.
3489 2828 3691 2922 Qui-

563 2933 720 3012 bus
768 2930 1179 3036 flentibuS,
1231 2946 1310 3007 et
1355 2932 1622 3007 rastris
1656 2945 1754 3008 :et
1799 2957 2084 3032 sagena
2131 2936 2166 2972 ⁴*
2212 2960 2374 3012 una
2413 2934 2636 3011 fluvii
2687 2936 3519 3036 perscrutantibusait
3568 2965 3690 3018 se-

565 3070 752 3123 nex:
830 3046 912 3122 Si
978 3069 1122 3145 per
1183 3045 1518 3146 pontem
1581 3047 2007 3123 nobiscum
2057 3048 2606 3150 perrexissetis,
2657 3071 2826 3128 non
2876 3051 2984 3128 ita
3031 3051 3264 3129 vobis
3312 3053 3687 3153 configis*

568 3173 706 3254 set..
753 3198 854 3214 -
890 3162 1019 3233 ..7
1067 3162 1168 3234 At
1214 3159 1329 3233 illi
1382 3156 1789 3236 dixerunt.
1858 3164 2034 3236 Hoc
2086 3159 2594 3251 fecissemUS,¹
2629 3164 2780 3256 nisi
2835 3165 3063 3267 quod
3110 3166 3322 3243 viam
3370 3168 3682 3246 tardare

569 3272 1054 3352 nolebemas.
1102 3310 1206 3326 —-
1276 3269 1403 3348 Ad
1453 3271 1649 3347 haec
1699 3296 1967 3348 senex.
2017 3278 2256 3350 Nunc
2302 3297 2491 3353 vero
2541 3279 2794 3377 magis
2842 3279 3124 3358 tardati
3176 3280 3388 3364 estis
3425 3323 3523 3344 --
3581 3285 3685 3360 Et

568 3386 747 3461 illis
776 3384 1066 3460 relictis
1115 3383 1294 3459 laeti
1347 3385 1965 3463 subintravimus
2014 3402 2284 3489 portas
2333 3390 2577 3467 urbis.

762 3500 836 3572 8.
937 3496 1132 3574 Tale
1183 3503 1299 3574 est
1326 3500 1863 3601 proverbium
1917 3500 2152 3602 qu'od
2198 3501 2496 3581 audivit
2565 3505 2837 3603 Magis
2863 3505 3070 3587 valet
3113 3505 3390 3608 longa}
3407 3508 3528 3637 via
3573 3437 3681 3588 ad

567 3607 1029 3711 paradisum
1083 3635 1327 3711 quam
1377 3612 1637 3688 brevis
1690 3612 1791 3688 ad
1839 3612 2268 3692 infernum.
3015 3685 3016 3688 ,

762 3729 833 3803 9.
933 3724 1181 3800 Arabs
1247 3727 1644 3825 castigavit
1698 3724 2014 3804 filium·
2003 3747 2272 3804 suum
2335 3728 2646 3807 dicens:
2718 3733 2899 3823 Fili,
2975 3735 3039 3810 si
3108 3733 3354 3814 fueris
3417 3736 3507 3811 in
3555 3736 3680 3820 via

570 3857 759 3918 cum
811 3836 1083 3938 aliquo
1130 3840 1353 3915 socio
1407 3848 1589 3930 t‘uo,
1657 3839 1895 3938 dilige
1943 3842 2241 3943 ipsum-i
2277 3853 2659 3944 tanquam
2691 3861 2787 3923 te
2845 3849 3151 3949 ipsum,
3219 3859 3298 3926 et
3359 3855 3470 3924 ne
3512 3874 3682 3928 me·

571 3948 843 4027 diteris
892 3950 1277 4054 aliquem
1272 3951 1692 4057 decipere,
1767 3978 1871 4030 ne
1923 3969 2001 4043 et
2047 3969 2138 4031 tu
2185 3954 2634 4058 decipiaris,
2703 3960 2915 4037 sicut
2971 3961 3299 4039 duobus
3352 3964 3684 4061 contigit

564 4064 1101 4164 burgensibus
1155 4081 1255 4144 et
1275 4069 1593 4146 rustico.
1644 4109 1742 4127 --
1769 4069 2123 4146 Filius:
2173 4073 2432 4170 Pater,
2480 4071 2690 4151 refer
2735 4074 2939 4224 mihi
2988 4090 3082 4154 ut
3129 4075 3435 4178 aliquid
3467 4077 3684 4155 utili-

563 4179 744 4262 tatis
794 4178 992 4257 inde
1042 4178 1352 4281 capiant
1397 4183 1715 4285 posteri
1764 4219 1863 4252 -ο-
1909 4187 2202 4264 Patera'
