3969 4580
1801 60 1922 152 85

298 248 552 352 Modo
605 266 794 330 sunt
839 255 874 296 ’¹'
925 248 1129 331 sicut
1178 250 1317 353 qui
1368 273 1540 328 non
1588 249 1972 328 vixerunt.
2069 248 2329 330 Modo
2398 250 2602 359 sicut
2664 248 2851 341 flos,
2919 226 3067 354 qui
3123 251 3225 330 de
3293 276 3410 332 ar-

299 365 501 443 bore
554 365 879 455 decidit,
946 390 1113 468 quo
1175 364 1510 462 ulterius
1577 389 1745 443 non
1795 363 2024 441 redit.
2123 369 2193 441 6.
2256 370 2445 443 Non
2505 367 2816 456 timeaS,
2881 367 3145 444 anima
3208 391 3405 456 mea,

296 502 467 558 non
517 479 1129 564 timeas-nimis3
1193 476 1292 554 de
1355 474 1644 555 saeculi
1699 476 2285 555 diversitatibus
2332 503 2501 555 non
2556 481 2858 557 oriatur
2903 481 3153 558 timor
3191 493 3401 557 tuus.

159 618 172 623 ·
298 593 536 670 Time
600 594 818 670 diem
876 593 995 669 tui
1056 589 1369 689 judicii!
1442 596 1733 667 Paveas
1798 604 2133 668 tuorum
2195 592 2802 679 multitudinem
2865 597 3402 696 peccatorum!

295 711 708 784 Memento
757 706 876 782 tui
932 705 1319 791 creatoris,
1374 704 1512 805 qui
1563 716 1751 785 tuus
1801 700 2042 800 judex
2094 718 2171 781 et
2218 706 2435 781 testis
2485 721 2618 782 est.
2723 756 2732 769 =

393 880 402 885 -
490 824 580 897 7.
637 819 984 896 Eremita
1048 815 1380 919 quidam
1444 816 1830 916 quaesivit
1890 843 1934 894 a
1984 819 2395 916 magistro.
2464 818 2681 914 Quid
2748 819 3028 897 faciam
3087 821 3169 895 in
3241 821 3398 899 hoc

285 922 653 1022 saeculo,
701 930 926 1033 quod
976 953 1109 1006 me
1156 928 1578 1034 praecedat
1625 928 1710 1004 in
1762 928 1964 1008 alio?
2011 973 2107 989 -
2118 877 2555 1030 oMagister:
2605 936 2779 1010 Fac
2809 936 3037 1036 quod
3079 934 3392 1011 bonum

295 1058 415 1122 est
462 1045 548 1120 in
599 1067 886 1143 genere
932 1057 1102 1119 tuo,

485 1162 557 1234 8.
637 1159 857 1236 Alius
924 1156 1250 1233 eremita
1314 1178 1463 1256 per
1506 1152 1714 1230 viam
1785 1168 1863 1232 et
1921 1178 2073 1258 per
2125 1158 2344 1236 vicos
2406 1156 2822 1239 clamabat·
2894 1164 3016 1239 Ne
3073 1158 3397 1238 tradatis

290 1270 680 1348 oblivioni
732 1271 1126 1348 durabilia
1174 1294 1328 1372 pro
1377 1266 1541 1344 fine
1589 1268 2011 1346 habituris'

481 1390 551 1462 9.
625 1384 848 1462 Alius
896 1383 1509 1460 vociferabatur.
1556 1383 1877 1483 Diligite
1927 1384 2233 1471 animas
2281 1396 2573 1463 vestras
2620 1399 3015 1488 quantum
3080 1401 3195 1467 et
3220 1411 3395 1465 cor-

143 1578 154 1585 -
285 1524 507 1603 pora,
559 1513 638 1576 et
683 1497 1142 1601 proficietis.

485 1616 600 1690 10.
673 1611 898 1688 Alius
945 1612 1173 1723 item.
1191 1608 1487 1687 ‘Nolite
1539 1607 1896 1686 oblivisci
1942 1611 2247 1701 Deum,
2311 1568 2702 1715 quoniam
2766 1637 2940 1693 non
3001 1611 3396 1692 oblivisci·
3480 1702 3489 1707 η

283 1741 421 1805 tur
466 1725 740 1813 vestri3
801 1740 877 1802 et
925 1724 1205 1801 servite
1255 1721 1791 1822 gubernatori.
2627 1752 2643 1767 ·

480 1844 600 1916 11.
673 1839 927 1917 Alius:
979 1838 1291 1914 Timete
1323 1840 1611 1923 Deum,
1661 1832 1891 1938 quod
1940 1833 2190 1912 timor
2218 1838 2552 1915 Domini
2589 1851 2706 1917 est
2737 1837 2970 1916 clavis
3005 1837 3106 1916 ad
3145 1860 3393 1915 omne

278 1954 637 2042 bonum,
686 1968 761 2031 et
812 1952 910 2029 ad
960 1949 1607 2054 praecipiendam
1656 1949 1996 2046 gloriam
2048 1949 2574 2041 conductum,
2627 1952 2729 2029 de
2781 1976 2946 2054 quo
3002 1952 3433 2028 Salomon

278 2069 367 2144 in
416 2066 993 2146 Ecclesiastico:
1057 2064 1360 2166 [finem
1409 2059 1800 2165 loquendi
1850 2060 2146 2161 pariter
2195 2062 2669 2164 audiamus]
2718 2068 2986 2140 Deum
3034 2064 3262 2151 time,
3316 2077 3393 2140 et

277 2182 652 2260 mandata
717 2180 884 2278 ejus
939 2181 1302 2258 observa!
1400 2180 1514 2252 12.
1593 2179 1770 2251 Hoc
1837 2187 1989 2262 est,
2052 2174 2320 2249 omnis
2375 2177 2632 2254 homo
2699 2191 2776 2254 et
2838 2191 3118 2261 cuncta
3183 2201 3389 2279 quae

278 2296 611 2384 suerunt
675 2296 1020 2373 adducet
1076 2296 1296 2369 Deus
1356 2290 1443 2366 in
1508 2286 1902 2388 judicium
1965 2312 2119 2390 pro
2185 2289 2411 2364 omni
2478 2306 2774 2398 errato,
2847 2292 3009 2368 sive
3071 2293 3387 2371 bonum

278 2412 445 2489 sive
504 2411 810 2487 malum
877 2409 992 2485 sit.
1095 2407 1225 2485 Ob
1288 2404 1449 2482 hoc
1516 2404 1759 2502 igitur
1793 2393 2304 2478 'immensam
2369 2403 2518 2481 Dei
2585 2405 3167 2506 omnipotentis
3235 2404 3388 2479 cle·

277 2526 668 2602 mentiam
719 2522 1113 2624 supplices
1169 2541 1608 2605 exoremuS‚
1660 2517 2065 2617 quotinuS,
2114 2515 2406 2591 nostris
2452 2520 2831 2619 operibus
2877 2519 3117 2595 bonis
3166 2538 3419 2619 prae-‘

282 2637 788 2725 cedentibuS,
829 2649 1037 2766 post
1096 2631 1421 2708 districti
1486 2630 1703 2706 diem
1762 2629 2039 2728 judicii
2090 2653 2134 2705 a
2186 2627 2474 2722 dextris
2534 2630 2678 2706 filii
2745 2630 2961 2706 illius
3023 2630 3385 2708 collocati

281 2766 596 2830 aeterna
645 2750 923 2852 requie
971 2773 1156 2824 cum
1208 2743 1372 2821 suis
1407 2743 1783 2820 fidelibus
1817 2766 2277 2852 mereamur
2324 2743 2626 2843 perfrui
2678 2744 2759 2819 in
2814 2742 2992 2828 aula
3044 2744 3385 2835 coelesti,

278 2880 675 2968 perstante
728 2863 1068 2940 domino
1121 2874 1400 2937 nostro
1449 2862 1642 2935 Jesu
1691 2856 2043 2942 Christo,
2096 2854 2222 2928 cui
2277 2868 2393 2933 est
2438 2855 2712 2932 honor
2771 2869 2849 2931 et
2895 2855 3146 2954 gloria
3197 2882 3383 2935 cum

279 2994 502 3100 patre
552 2993 628 3055 et
676 2978 959 3081 spiritu
1007 2985 1277 3052 sancto
1328 2997 1475 3074 per
1521 2968 1834 3048 infinita
1884 2967 2390 3046 saeculorum
2440 2968 2771 3072 saecula.
2851 2974 3131 3046 Amen.
