3969 4580
2100 166 2226 264 64

775 364 848 438 9.
949 358 1023 437 Ο
1081 356 1231 435 fili!
1304 357 1442 435 Sic
1502 357 1936 448 eisevenit,
2002 357 2143 461 qui
2193 354 2507 437 socium
2560 355 2927 462 decipere
2973 357 3437 452 voluerunt,
3512 358 3704 463 quia

599 498 748 552 suo
798 474 1124 571 ingenio
1179 471 1487 574 decepti
1538 485 1760 575 sunt..
3319 461 3328 469 “

790 593 1024 665 Tunc
1073 585 1326 665 filius:
1401 591 1537 663 Ita·
1585 585 1844 667 evenit
1908 587 2023 662 eis
2085 585 2289 663 sicut
2350 585 2436 661 in
2486 585 2917 688 proverbio
2972 582 3277 661 dictum
3332 600 3484 665 estt
3564 585 3728 683 Qui

598 716 866 781 totum
916 701 1179 777 voluit
1221 712 1489 776 totum
1537 698 1911 801 perdidit.
2010 705 2223 777 Haec
2285 713 2551 777 autem
2605 714 2723 777 est
2773 713 3052 776 natura
3105 701 3352 790 caniS,
3421 700 3552 777 cui
3618 698 3732 777 fa-

608 826 896 893 verunt
941 813 1084 902 illi,
1152 838 1509 912 quorum
1555 837 1772 889 unus
1823 810 2132 889 auferre
2185 812 2455 888 cibum
2509 813 2637 889 alii
2691 813 2927 914 cupit.
3028 812 3190 889 Sed
3241 814 3305 889 si
3360 828 3733 891 naturam

614 929 895 1007 cameli
969 940 1523 1028 sequerentur,
1598 927 2008 1004 mitiorem
2060 939 2426 1002 naturam
2490 926 3014 1003 imitarentur.
3116 929 3229 1001 10.
3289 931 3499 1005 Nam
3562 928 3736 1007 talis

617 1057 733 1121 est
792 1053 1071 1118 natura
1146 1039 1456 1116 cameli:
1548 1038 2253 1141 Quandocumque
2313 1039 2643 1116 insimul
2705 1038 2942 1115 datur
3003 1040 3458 1139 praebenda
3526 1040 3739 1119 mul-

610 1157 738 1243 -tis,
788 1154 1058 1232 nullus
1124 1177 1410 1230 eorum
1476 1152 1829 1229 comedit
1880 1153 2144 1235 donec
2194 1177 2478 1229 omnes
2527 1144 2768 1245 simul
2822 1150 3265 1229 comedant.
3367 1154 3621 1251 Quod
3667 1155 3736 1232 si

619 1294 833 1349 unus
880 1265 1338 1345 infirmatur
1382 1266 1490 1341 ita
1540 1264 1767 1366 quod
1818 1279 2167 1366 nequeat
2214 1264 2673 1355 comedere,
2726 1264 2987 1343 donec
3050 1282 3555 1345 removeatur
3603 1269 3734 1346 alii

619 1380 1108 1479 jejunabunt.
1166 1382 1300 1459 Isti
1335 1381 1789 1477 burgenses,
1822 1392 2251 1481 postquam
2289 1379 2665 1456 volebant
2694 1379 2845 1454 sibi
2898 1379 3327 1459 animalem
3361 1397 3736 1460 naturam

627 1518 1058 1581 assumere,
1134 1493 1533 1569 mitissimi
1597 1492 1958 1568 animalis
2018 1498 2401 1567 naturam
2449 1492 2599 1567 sibi
2654 1491 3052 1569 vindicare
3102 1493 3592 1584 debuissent;
3660 1510 3737 1577 et

621 1608 913 1685 merito
959 1606 1232 1682 cibum
1268 1607 1721 1684 amiserunt.
1800 1610 1915 1681 11.
1967 1605 2185 1732 Quin
2222 1594 2458 1680 etiam
2509 1605 2621 1681 eis
2670 1605 2829 1682 hoc
2881 1606 3230 1684 evenisse
3279 1608 3736 1700 voluissem,

626 1721 853 1827 quod
915 1699 1297 1816 magistro
1364 1744 1551 1796 meo
1619 1731 1984 1801 narrante
2054 1714 2214 1814 jam
2279 1717 2599 1794 dudum
2666 1718 2933 1796 audivi
2996 1721 3347 1799 evenisse
3406 1723 3735 1803 incisori

626 1835 832 1934 regis
902 1826 983 1909 et
1043 1832 1438 1933 discipulo
1491 1858 1641 1909 suo
1693 1831 2030 1907 nomine
2079 1829 2436 1919 Nedui,
2485 1846 2579 1909 ut
2626 1830 2969 1909 fustibus
3019 1833 3498 1913 caederetur.

572 1986 611 2053 ,ι
824 1949 941 2024 12
1014 1951 1245 2025 Pater
1295 1944 1393 2022 ad
1444 1945 1632 2021 hoc:
1680 1945 1828 2019 Dic
1877 1944 2113 2031 mihi,
2163 1941 2314 2032 fili,
2361 1942 2558 2046 quid
2610 1944 2946 2022 audisti?
3047 1948 3491 2041 Quomodo
3546 1975 3739 2028 con·

596 2059 802 2160 tigit
838 2058 1280 2160 discipulo?
1332 2058 1739 2155 Quoniam
1789 2056 1961 2135 talis
1997 2057 2343 2135 narratio
2381 2056 2625 2136 animi
2662 2058 2811 2137 erit
2842 2061 3244 2139 recreatio.
3280 2105 3375 2122 -
3416 2064 3706 2145 Filius:
3855 2070 3864 2079 '

1920 2325 1933 2332 -
2061 2247 2310 2364 XXI.

825 2405 895 2478 1.
979 2399 1341 2479 Narravit
1387 2401 1588 2479 mihi
1640 2401 2013 2501 magister
2060 2427 2293 2479 meus
2344 2397 2753 2502 quendam
2800 2424 3070 2501 regem
3119 2403 3492 2484 habuisse
3538 2405 3739 2483 inci·

600 2537 901 2596 sorem
964 2538 1260 2603 unum,
1339 2517 1481 2618 qui
1549 2512 1901 2590 diversos
1964 2515 2296 2591 diversis
2327 2515 2429 2589 -ei
2489 2515 2990 2616 temporibus
3054 2533 3279 2620 aptos
3333 2519 3738 2597 incidebat

630 2651 963 2732 pannos
1035 2627 1179 2703 Ille
1229 2644 1495 2705 autem
1549 2626 1987 2728 discipulos
2042 2642 2352 2705 sutoles
2401 2627 2702 2716 habuit,
2754 2654 3109 2730 quorum
3161 2633 3503 2734 quisque
3555 2633 3737 2710 arti·

631 2740 917 2816 ficiose
959 2740 1238 2815 suebat
1287 2738 1511 2842 quod
1560 2739 1950 2837 magister,
2001 2741 2301 2820 incisor
2343 2741 2572 2839 regis,
2622 2741 3045 2819 artificiose
3093 2745 3519 2821 scindebat.
3604 2748 3737 2822 In·

597 2868 754 2931 -ter
803 2878 1009 2955 quos
1057 2878 1274 2930 unus
1325 2868 1488 2930 erat
1537 2852 1974 2954 discipulus
2024 2855 2358 2930 nomine
2391 2852 2746 2942 Nedui,
2799 2855 2939 2954 qui
2991 2854 3253 2929 socios
3303 2863 3467 2931 arte
3517 2865 3738 2936 suto'-

630 2968 748 3044 ria
799 2963 1238 3068 superabat.
1337 2969 1408 3040 2.
1477 2964 1638 3044 sed
1691 2966 1820 3043 die
1852 2965 2055 3048 festo
2077 2968 2453 3046 veniente
2501 2990 2636 3042 rex
2676 2990 3017 3044 suorum
3063 2966 3492 3044 incisorem
3540 2995 3737 3072 pan-

630 3107 929 3160 norum
980 3079 1304 3165 vocavit,
1356 3091 1434 3154 et
1478 3079 1864 3207 pretiosas
1911 3094 2163 3156 vestes
2213 3078 2362 3156 sibi
2399 3090 2476 3153 et
2522 3075 3043 3154 familiaribus
3076 3082 3522 3182 praeparari
3569 3082 3737 3181 jus·

631 3195 769 3282 sit;
827 3192 1055 3297 quod
1104 3205 1197 3267 ut
1243 3191 1474 3266 citius
1526 3206 1604 3266 et
1651 3191 1822 3267 sine
1872 3191 2453 3292 impedimento
2505 3188 2761 3278 fieret,
2822 3215 3085 3268 unum
3135 3193 3237 3271 de
3285 3197 3736 3273 camerariis

631 3309 827 3397 suiS,·
867 3302 1353 3392 eunuchum,
1406 3302 1763 3402 cujus-id
1818 3319 1981 3381 erat
2032 3304 2427 3392 officium,
2475 3303 2883 3382 sutoribus
2933 3307 3353 3385 custodem
3402 3307 3735 3401 addidit,

632 3435 712 3498 et
756 3433 850 3496 ut
898 3440 1187 3493 eorum
1239 3438 1525 3492 curvos
1586 3440 1897 3515 ungues
1964 3417 2449 3506 observaret,
2513 3430 2590 3493 et
2650 3417 2761 3494 eis
2823 3417 2924 3495 ad
2988 3419 3545 3498 sufficientiam
3594 3445 3736 3499 ne·

610 3532 959 3613 cessaria
1010 3528 1521 3619 ministraret,
1582 3532 1905 3628 rogavit.
2003 3535 2074 3610 3.
2143 3528 2301 3605 Sed
2362 3554 2526 3607 una
2590 3528 2908 3607 dierum
2971 3533 3311 3609 ministri
3381 3533 3736 3611 'calidum

625 3667 919 3748 panem
974 3656 1053 3719 et
1098 3641 1260 3722 mel
1311 3668 1500 3719 cum
1553 3643 1721 3724 aliis
1769 3644 2090 3720 ferculis
2149 3642 2475 3721 incisori
2536 3654 2614 3717 et
2661 3644 2894 3720 sociis
2943 3645 3546 3723 comedendum
3595 3645 3736 3724 de·-

628 3759 956 3847 derunt,
1032 3769 1111 3834 et
1185 3755 1324 3856 qui
1401 3755 1727 3834 aderant
1798 3753 2226 3834 comedere
2289 3770 2747 3856 coeperunt.
2848 3757 3163 3852 Quibus
3228 3759 3735 3861 epulantibus

629 3871 1050 3950 eunuchus
1094 3869 1252 3950 ait·
1326 3874 1597 3965 Quare
1656 3871 1986 3951 absente
2044 3868 2368 3945 Nedui
2448 3868 2896 3958 comeditis
2974 3895 3152 3948 nec
3196 3897 3386 3950 eum
3463 3896 3739 3974 expet.-

624 3986 845 4065 tatis?
891 4021 990 4044 --
1037 3985 1409 4084 Magister
1454 3984 1761 4087 inquit:
1811 3982 2016 4078 Quia
2081 3980 2244 4058 mel
2306 4004 2476 4062 non
2545 3981 3031 4071 comederet,
3096 3985 3333 4060 etiam
3393 3984 3459 4061 si
3511 3983 3738 4063 ades·

627 4114 767 4179 set.
812 4135 917 4156 --
961 4102 1065 4176 Et
1112 4098 1656 4175 comederunt.
1755 4099 1824 4172 4.
1884 4093 2198 4172 Deinde
2248 4089 2464 4171 venit
2507 4093 2862 4183 Nedui,
2915 4097 3054 4197 qui
3106 4098 3247 4174 ait.
3299 4102 3568 4193 Quare
3597 4121 3737 4176 me

530 4213 541 4224 ‘
627 4212 951 4291 absente
987 4210 1466 4302 comedistis,
1514 4234 1664 4289 nec
1702 4210 1905 4288 mihi
1951 4222 2263 4314 partem
2311 4231 2580 4287 meam
2609 4209 3096 4289 reservastis?
3142 4250 3243 4268 —
3287 4211 3737 4290 Eunuchus

3629 4323 3737 4405 ad

2525 284 2570 301 ο.
