3969 4580
1759 142 1889 237 39

452 342 665 419 Dixit
712 339 911 417 alius
958 338 1504 441 philosophus
1565 346 1897 434 propter
1961 328 2268 409 amicos
2328 326 2518 411 non'
2547 322 2970 439 probatos:
3027 337 3373 416 Provide

260 457 404 534 tibi
438 454 683 534 semel
720 454 821 531 de
854 454 1218 544 inimiciS,
1271 467 1348 531 et
1378 449 1664 528 millies
1717 445 1821 524 de
1871 445 2162 535 amicis,
2213 446 2441 583 quod
2480 448 2748 528 forsan
2787 453 3092 529 amicus
3124 476 3374 555 quan-

261 569 539 672 doque
584 566 727 646 fiet
771 567 1166 657 inimicus²
1218 581 1296 643 et
1343 565 1457 642 sic
1506 562 1761 639 levius
1804 560 2098 663 poterit
2144 563 2607 663 perquirere
2642 564 3035 644 damnum
3065 580 3322 645 tuum.

451 685 528 758 2.
602 686 806 759 Item
873 682 1075 759 alius
1131 678 1696 813 philosophus:
1770 677 1977 753 Cave
2026 674 2171 751 tibi
2235 674 2338 751 de
2408 676 2747 755 consilio
2808 678 3054 772 illius,
3106 705 3150 758 a
3200 702 3368 784 quo

256 795 462 897 petis
513 766 962 886 consilium,
1010 795 1165 871 nisi
1219 794 1320 871 Sit
1364 793 1509 868 tibi
1557 780 1818 867 fidelis
1869 802 1946 865 et
1994 788 2396 891 probatus

454 911 658 985 Item
747 908 976 985 alius:
1075 907 1427 987 Consule
1504 904 1762 981 arnico
1841 917 1984 979 tuo
2051 903 2137 978 in
2197 903 2515 978 bonum
2585 916 2978 1003 quantum
3045 907 3369 1008 poteris,

262 1021 572 1097 etiarnsi
620 1022 763 1099 tibi
810 1021 1136 1097 credere
1183 1020 1569 1096 noluerit:
1636 1017 1938 1116 justum
2000 1029 2117 1091 est
2178 1016 2393 1093 enim
2454 1028 2548 1091 ut
2609 1016 2760 1091 sibi
2808 1018 3126 1094 bonum
3178 1043 3367 1097 con-

262 1134 493 1221 sulas,
543 1134 727 1208 licet
773 1122 1080 1209 rectuin
1129 1145 1224 1208 ut
1271 1130 1772 1208 inconsultus
1820 1142 2057 1205 tuum
2106 1152 2277 1205 non
2328 1141 2707 1229 sequatur
2755 1131 3203 1208 consilium.

456 1249 527 1323 3.
623 1244 876 1323 Alius:
946 1244 1135 1322 Noli
1217 1246 1693 1322 consilium
1720 1257 1957 1319 tuum
2037 1241 2261 1317 omni
2335 1241 2651 1317 homini
2728 1243 3090 1320 revelare.
3206 1243 3368 1339 Qui

266 1355 482 1433 enim
548 1357 973 1433 consilium
1038 1382 1281 1434 suum
1351 1359 1439 1434 in
1502 1356 1748 1436 corde
1816 1380 1967 1434 suo
2030 1355 2348 1491 retinet,
2422 1355 2547 1431 sui
2621 1354 2817 1454 juris
2885 1369 3007 1444 est
3075 1342 3367 1435 melius

266 1468 572 1567 eligere.
1360 1500 1369 1509 ·
1590 1505 1599 1509 -
3009 1526 3016 1533 .

322 1596 329 1601 '
452 1585 655 1658 Item
721 1582 921 1658 alius
977 1581 1551 1685 philosophus.
1619 1580 2066 1661 Consilium
2139 1578 2700 1659 absconditum
2762 1581 2986 1684 quasi
3048 1581 3136 1658 in
3187 1605 3366 1659 car.-

263 1716 441 1771 eere
511 1709 672 1771 tuo·
738 1708 853 1770 est
919 1692 1360 1785 reclusum,
1441 1695 1876 1772 revelatum
1958 1719 2151 1773 vero
2207 1708 2305 1773 ‘te
2377 1697 2466 1771 in
2544 1718 2851 1771 carcere
2924 1719 3076 1777 Suo
3149 1708 3404 1796 tenet·

256 1807 615 1906 ligatum.

456 1923 538 1994 4.
628 1918 833 1995 Item
883 1919 1111 1997 aliuS.
1170 1924 1292 1998 Ne
1346 1933 1426 1997 te
1479 1919 1815 1997 associes
1875 1919 2224 1996 inimicis
2286 1919 2473 2009 tuiS‚
2539 1945 2799 2022 quum
2863 1921 3068 1998 alios
3110 1921 3367 2023 possis

263 2032 613 2131 reperire
662 2031 940 2107 socios.
1043 2039 1269 2131 Quae
1318 2032 1537 2111 enim
1584 2031 1800 2108 male
1846 2032 2099 2132 egeris
2147 2033 2573 2121 notabunt,
2637 2058 2843 2137 quae
2907 2059 3098 2111 vero
3148 2036 3366 2110 bona

263 2143 490 2233 fiunt,
543 2143 1091 2244 denigrabunt.

456 2258 671 2334 Dixit
719 2258 1047 2360 quidam
1099 2257 1612 2338 versificator.
1673 2259 1816 2335 Est
1871 2281 2037 2334 una
2101 2255 2203 2335 de
2266 2256 2866 2337 adversitatibus
2911 2168 3153 2357 hujus
3203 2280 3367 2334 sae·

264 2317 423 2446 culi
471 2372 965 2469 gravioribus
998 2375 1362 2478 bomini,
1423 2371 1651 2475 quod
1700 2371 2159 2447 necessitate
2210 2373 2549 2469 cogitur,
2611 2386 2704 2449 ut
2753 2374 2904 2448 sibi
2954 2371 3369 2449 subveniat

263 2483 668 2583 requirere
694 2485 1133 2564 inimicum.
1182 2529 1283 2544 -
1336 2483 1742 2580 Quaesivit
1775 2482 2106 2585 {midam
2143 2509 2185 2560 a
2224 2483 2582 2586 quodam
2609 2486 2900 2563 Arabe:
2952 2491 3177 2580 Quae
3201 2508 3368 2559 ma-

265 2707 584 2784 cecsitas
646 2709 1036 2810 compulit
1092 2734 1227 2787 me
1287 2709 1714 2788 convenire
1767 2708 2227 2799 inimicum,
2302 2725 2396 2787 ut
2458 2736 2663 2812 quae
2721 2712 3098 2789 volebam
3136 2619 3365 2785 mihi

266 2820 760 2899 concederet.

457 2938 527 3011 5.
598 2934 823 3025 Alius
869 2935 1442 3040 philosophuS.
1483 2940 1607 3015 Ne
1654 2945 1733 3012 te
1782 2935 2123 3022 associes
2167 2936 2556 3030 leccatori,
2610 2935 2833 3036 cujus
2868 2937 3366 3015 consortium

269 3060 387 3123 est
429 3047 572 3123 tibi
625 3048 996 3127 dedecus.

460 3161 718 3237 Alius:
767 3164 889 3237 Ne
937 3161 1300 3260 glorieris
1347 3164 1434 3240 in
1481 3162 1727 3241 laude
1768 3161 2208 3253 leccatoris,
2273 3161 2498 3264 cujus
2547 3153 2721 3241 laus
2782 3177 2904 3242 est
2960 3163 3106 3240 tibi
3168 3163 3370 3239 vitu·-

264 3271 603 3375 perium,
657 3275 776 3376 [et
819 3273 1304 3376 vituperium
1356 3276 1592 3377 laus]
1620 3267 1643 3298 ⁵

460 3389 805 3487 Logicus
852 3388 1184 3490 quidam
1233 3389 1768 3492 philosophus
1815 3388 2208 3466 transiens
2259 3413 2406 3491 per
2453 3389 2661 3467 viam
2714 3389 2962 3466 alium
3008 3386 3370 3490 philoso-

265 3496 532 3602 phum
583 3502 878 3603 reperit
926 3527 1116 3578 cum
1166 3502 1553 3582 leccatore
1604 3502 1963 3606 quodam
2014 3501 2443 3600 jocantem,
2494 3516 2573 3578 et
2621 3503 2761 3578 ait:
2807 3503 2976 3579 Sibi
3026 3498 3370 3578 similem

269 3610 660 3689 attrahere
722 3612 1158 3692 adamantis
1225 3629 1356 3693 est.
1416 3659 1513 3676 —
1576 3619 1678 3695 At
1740 3616 1874 3694 ille
1934 3616 2230 3720 inquit:
2289 3621 2772 3716 Numquam·
2821 3639 2955 3690 me
3018 3612 3167 3690 sibi
3234 3611 3374 3689 ad-

266 3722 512 3857 junxi..
559 3765 659 3782 —
706 3723 829 3801 Ad
878 3724 1073 3803 haec
1121 3730 1542 3807 transiens:
1605 3732 1773 3807 Cur
1838 3753 2026 3829 ergo
2093 3729 2243 3806 sibi
2307 3726 2886 3831 applaudebas?
2933 3770 3033 3786 -
3091 3730 3194 3805 At
3238 3725 3373 3821 ille

266 3837 573 3941 inquit.
668 3841 879 3927 Non,
929 3840 1073 3919 sed
1104 3861 1391 3941 magna
1440 3844 1897 3921 necessitate
1948 3843 2263 3942 cogitur
2312 3856 2390 3918 et
2436 3842 2823 3918 honestus
2857 3841 3114 3920 homo
3162 3838 3375 3916 latri-

267 3973 462 4027 nam
512 3950 754 4028 adire.

464 4066 535 4140 6.
594 4064 853 4143 Alius:
887 4066 1181 4146 Melior
1211 4082 1328 4147 est
1355 4068 1768 4146 inimicitia
1802 4069 2193 4172 sapientis,
2230 4092 2474 4171 quam
2510 4068 2847 4146 amicitia
2879 4064 3338 4169 insipientis
