3969 4580
1798 103 1921 195 65

286 283 396 364 ad
453 285 648 364 hoc}
718 286 1096 386 Magister
1157 290 1351 365 tuus
1419 286 1648 379 dixit,
1714 288 1941 392 quod
2003 289 2169 367 mel
2215 302 2407 369 ‘non
2473 290 2986 385 comederes,
3041 295 3284 374 etiam
3340 295 3408 376 si
3539 360 3556 375 .

288 400 621 478 adesses.
668 440 769 458 —
813 402 914 476 At
961 400 1096 477 ille
1147 402 1446 492 tacuit,=
1478 418 1557 482 et
1607 400 2036 505 quomodo
2087 405 2471 502 magistro
2523 432 2676 485 suo
2725 408 2887 485 hoc
2932 430 3409 512 recompen-

287 538 458 591 sare
505 526 776 615 posset
820 514 1206 612 cogitavit.
1288 517 1390 590 Et
1420 516 1581 591 hoc
1630 514 1865 604 facto,
1912 515 2295 614 magistro
2349 519 2688 608 absente,
2731 520 3055 600 Nedui
3108 538 3404 602 secrete

287 627 482 704 dixit
531 627 943 704 eunucho:
991 627 1372 703 Domine!
1423 628 1797 726 Magister
1840 652 2076 706 meus
2126 654 2360 731 saepe
2408 630 2838 732 phrenesin
2872 634 3176 734 patiens
3227 661 3403 714 sen-

284 762 470 818 sum
540 738 832 842 perdit,
910 754 986 817 et
1018 738 1476 817 -indiscrete
1549 743 2166 821 circumstantes
2207 744 2572 820 verberat
2634 756 2771 821 aut
2828 746 3234 824 interimit.
3301 789 3403 810 —

284 854 359 931 5.
422 854 575 930 Cui
638 853 1087 929 eunuchus:
1138 854 1238 928 ·Si
1304 855 1592 932 scirem
1653 855 1946 933 horam
2009 855 2340 957 quando
2409 857 2479 934 ei
2545 859 2968 957 contingit,
3030 878 3152 937 ne‘
3197 860 3405 963 quid

281 965 474 1043 mali
540 978 801 1064 ageret
862 991 1052 1043 eum
1112 965 1442 1064 ligarem
1508 982 1589 1045 et
1640 968 1836 1046 loris
1888 969 2537 1068 constringerem.
2588 1011 2690 1028 --
2754 977 2988 1047 Tunc
3035 972 3399 1053 Nedui:

284 1084 566 1175 Quum
627 1077 916 1155 videris
974 1078 1139 1156 huc
1201 1093 1280 1156 et
1334 1080 1528 1157 illuc
1591 1080 2135 1184 aspicientem,
2204 1096 2282 1158 et
2342 1090 2638 1160 terram
2697 1085 3076 1165 manibus
3122 1087 3402 1165 verbe.-

210 1256 217 1263 .
280 1206 611 1281 rantem,
663 1206 741 1268 et
785 1217 928 1270 sua
977 1192 1168 1270 sede
1217 1209 1692 1290 surgentem,
1746 1210 1829 1273 et
1873 1216 2295 1272 scamnum
2346 1200 2590 1326 su'per
2621 1196 2848 1298 quod
2883 1195 3108 1274 sedet
3145 1224 3398 1279 manu

280 1304 749 1407 rapientem.
810 1321 1007 1383 tune
1053 1306 1248 1382 scias
1298 1330 1490 1383 eum
1541 1332 1709 1386 esse
1738 1309 2176 1396 insanum,
2239 1321 2318 1384 et
2377 1308 2530 1384 nisi
2595 1309 2739 1384 tibi
2794 1323 2873 1386 et
2919 1312 3083 1387 tuis'
3127 1315 3395 1444 prov-i·-

286 1418 491 1507 deas,
543 1432 778 1521 caput
822 1417 1033 1496 fuste
1068 1418 1445 1496 dolabit.
1436 1458 1537 1479 -·-·
1583 1420 1703 1499 Ad
1732 1422 1892 1498 hoc
1940 1420 2401 1498 eunuchus:
2451 1425 2584 1497 Tu
2631 1420 3149 1514 benedicaris
3203 1426 3393 1527 quia

277 1531 538 1610 modo
586 1533 791 1609 mihi
842 1546 920 1609 et
964 1532 1169 1608 meis
1202 1531 1669 1633 providebo.
1721 1576 1821 1593 -
1884 1538 1952 1610 6.
2011 1533 2340 1611 Talibus
2393 1521 2621 1608 dictis
2652 1534 2970 1611 Nedui
3024 1540 3389 1638 sequenti

280 1644 415 1725 die
462 1644 816 1745 magistri
869 1643 992 1720 sui
1042 1661 1349 1724 secreto
1397 1645 1715 1724 forfices
1767 1644 2204 1724 abscondit.
2283 1649 2385 1723 At
2433 1645 2731 1723 incisor
2776 1645 3097 1726 forfices
3150 1674 3390 1752 quae-

278 1782 468 1838 rens
533 1772 611 1836 et
664 1780 837 1835 non
899 1757 1317 1841 inveniens
1377 1762 1642 1862 coepit
1698 1775 2020 1843 ten-am
2040 1759 2415 1836 manibus
2463 1774 2907 1861 percutere,
2975 1776 3053 1838 et
3099 1763 3261 1840 huc
3313 1780 3392 1843 et

276 1860 474 1952 illuc
518 1898 663 1975 per
706 1885 1002 1948 terram
1044 1874 1437 1974 aspicere,
1492 1888 1569 1951 et
1631 1900 1768 1953 sua
1834 1874 2052 1952 sede
2088 1897 2448 1973 surgere,
2515 1888 2595 1950 et
2660 1898 3082 1953 scamnum
3146 1886 3389 1978 super

276 1986 509 2089 quod
560 1985 885 2099 sedebat
927 1982 1179 2063 manu
1228 2012 1619 2067 amovere.
1714 1992 1928 2064 Haec
1980 1985 2271 2063 videns
2336 1986 2758 2065 eunuchus
2818 1988 3084 2064 statim
3147 1989 3387 2067 clien-

275 2111 396 2185 tes
446 2122 634 2177 suos
650 2090 1020 2187 vocavit,
1079 2103 1637 2204 praecepitque
1703 2101 1816 2175 eis
1879 2112 1977 2175 ut
2035 2100 2470 2177 incisorem
2531 2101 2898 2198 ligarent,
2968 2115 3046 2176 et
3092 2125 3198 2178 ne
3248 2104 3386 2179 ali-

277 2237 526 2317 quem
571 2208 1034 2300 verfieraret,
1084 2215 1419 2312 graviter
1468 2238 1656 2292 eum
1705 2211 2102 2289 verberari
2151 2210 2392 2311 jussit.
2494 2218 2560 2292 7.
2632 2213 2944 2288 Incisor
2986 2239 3180 2290 vero
3233 2215 3388 2294 cla-

272 2328 563 2416 mabat,
611 2327 718 2405 ita
770 2325 1148 2403 dicendo:
1203 2326 1422 2422 Quid
1471 2323 1853 2427 forefeci,¹
1880 2340 1982 2403 ‘ut
2033 2325 2230 2429 quid
2282 2352 2416 2405 me
2463 2327 2755 2404 talibus
2820 2326 3163 2425 affligitis
3212 2352 3385 2406 ver·
3473 2358 3484 2362 ·

272 2438 647 2517 beribus?
689 2482 789 2500 -
836 2442 937 2517 At
982 2438 1097 2516 illi
1149 2441 1404 2517 acrius
1451 2437 1959 2518 verberando.
1998 2440 2378 2518 tacebant.
2481 2440 2829 2537 Quando
2883 2455 3151 2518 autem
3200 2441 3380 2520 lassi

220 2541 606 2636 „fuerunt
658 2545 1158 2638 verberando
1235 2561 1601 2636 exosum:
1631 2554 1835 2644 vitae
1902 2551 2331 2630 solverunt.
2449 2553 2630 2649 Qui*
2669 2554 3065 2653 respirans
3128 2555 3377 2653 longo

273 2667 664 2768 temporis
726 2663 1142 2741 intervallo
1208 2666 1591 2768 quaesivit
1654 2666 1752 2740 ab
1822 2665 2198 2743 eunucho
2254 2665 2452 2767 quid
2501 2663 3003 2760 forefecisset.
3102 2670 3381 2746 Eunu„—

277 2778 479 2859 chus
554 2779 655 2857 ad
728 2777 959 2856 haec:
1038 2769 1299 2856 ‘Di‘xitz
1351 2778 1555 2858 mihi
1629 2779 1952 2856 Nedui
2045 2778 2492 2878 ‘discipulus
2576 2781 2765 2854 tuus
2831 2776 3072 2882 'quod
3145 2805 3378 2883 saepe

273 2891 690 2982 insanires),
766 2904 845 2969 et
915 2915 1088 2967 non
1148 2892 1304 2969 nisi
1367 2890 1701 2968 vinculis
1764 2895 1842 2966 et
1887 2890 2351 2968 verberibus
2400 2904 2802 2967 correctus
2837 2897 3230 2979 ‘cessares;
3301 2908 3379 2971 et

274 3005 465 3084 ideo
502 3020 609 3084 ·te
667 3004 891 3104 ligari
937 3001 1165 3104 jussi.·
1196 3045 1301 3082 -2
1359 3009 1429 3080 8.
1478 3009 1655 3082 Hoc
1701 3002 1983 3085 ,audito
2048 3003 2349 3080 incisor
2401 3003 2709 3079 vocavit
2754 3004 3078 3081 Nedui
3145 3006 3378 3083 disci-

273 3120 565 3222 pulum
613 3144 888 3209 suum,
952 3132 1032 3195 et
1091 3119 1254 3196 aitz·
1302 3117 1603 3197 Amice!
1671 3114 2021 3216 Quando
2083 3115 2372 3196 novisti
2431 3139 2567 3191 me
2625 3115 3049 3193 insanum?
3095 3159 3194 3177 —
3250 3119 3379 3197 Ad

260 3231 473 3312 haec
520 3223 1007 3338 discipulus?
1061 3225 1427 3329 Quando
1472 3232 1764 3310 timisti
1822 3251 1959 3308 me
2007 3230 2174 3307 mel
2218 3252 2390 3305 non
2440 3227 2909 3305 comedere?
2953 3268 3055 3288 -·-
3097 3232 3377 3307 Eunu-

277 3345 477 3423 chus
525 3360 603 3426 et
650 3349 777 3450 alii
828 3348 1023 3426 haec
1075 3344 1487 3444 audientes
1534 3345 1883 3423 riserunt
1928 3342 2206 3494 v'alde,
2228 3356 2306 3422 et
2349 3347 2810 3532 utrumque·
2835 3342 3126 3421 merito
3178 3366 3374 3445 poe·-

266 3465 453 3537 ⁵na's5
442 3445 929 3563 sfflcepisse·
922 3439 1515 3560 judicavemt
1650 3473 1657 3526 ἰ
1706 3497 1719 3528 s
1934 3485 1945 3530 :
3466 3531 3474 3540 .

467 3578 539 3652 9.
620 3575 746 3651 Ad
805 3576 966 3652 hoc
1027 3588 1278 3676 pater.
1342 3572 1632 3651 Merito
1695 3570 1859 3649 hoc
1917 3521 2044 3651 illi·
2101 3572 2419 3658 accidit,
2484 3569 2704 3672 quia,
2770 3567 2835 3645 si
2883 3569 3375 3650 custodisset

268 3669 534 3791 quod
554 3692 869 3785 Moyses
914 3689 1341 3819 praecepit,
1410 3700 1507 3765 ut
1564 3683 1927 3785 'diligeret
1994 3685 2322 3766 fratrem
2380 3687 2624 3762 suum'
2685 3682 2889 3763 sicut
2950 3708 3034 3762 se
3083 3684 3373 3787 ipsum,

276 3823 447 3879 non
496 3799 692 3876 haec
743 3801 815 3877 ei
868 3801 1324 3880 evenissent.

428 3897 585 3993 10.
634 3913 1035 4010 Quidam*
1028 3925 1262 4015 pater
1308 3909 1704 4013 castigavit
1744 3913 2016 3992 filium
2064 3931 2308 3992 suum
2329 3909 2760 3988 dicendo..
2802 3860 3008 3992 Vide
3068 3931 3173 3987 ne
3220 3912 3372 3988 im-

276 3961 530 4131 ponas
577 4026 886 4132 aliquid
937 4021 1267 4106 crimni-
1286 4027 1551 4107 socio
1544 4039 1737 4107 tuo
1761 4040 1991 4116 :urvo
2016 4028 2205 4113 sive
2245 4027 2536 4120 libero,
2506 4025 2837 4219 ,ne9i'ta
2883 4025 3027 4104 tihi
3061 4024 3369 4104 contin-
