3969 4580
1994 116 2120 211 36

364 352 375 363 -
502 327 597 393 ut
645 333 1078 412 cognoscas
1139 307 1205 387 si
1267 305 1449 412 quis
1510 304 1886 383 omnium
1942 304 2092 383 tibi
2143 304 2244 383 sit
2288 301 2688 409 perfectus
2740 307 3066 387 amicus.
3116 348 3214 366 —
3279 304 3495 383 Dicit
3545 305 3619 383 ei

504 426 754 503 filius:
820 422 1268 522 Quomodo
1316 422 1662 524 probare
1713 417 2111 496 consulis?
2154 458 2257 475 —-
2326 419 2541 496 Dixit
2585 433 2844 522 pater:
2906 420 3196 523 Accipe
3241 418 3618 508 vitulum,

506 554 591 620 et
636 537 1000 617 interfice
1049 563 1278 627 eum,
1330 550 1407 612 et
1453 534 1852 612 frustatim
1915 531 2512 609 comminutum
2562 534 2649 609 in
2696 558 2925 612 sacco
2973 556 3309 635 repone,
3373 532 3482 609 ita
3530 544 3622 609 ut

512 678 783 732 saccus
831 649 1275 728 forinsecus
1324 648 1707 746 sanguine
1756 644 2096 723 infectus
2144 646 2273 735 sit,
2325 658 2404 723 et
2451 670 2710 747 quum
2761 647 2864 724 ad
2909 647 3260 724 amicum
3294 646 3621 734 veneris,
3699 674 3704 679 ·

512 764 645 844 dic
712 765 819 841 ei:
893 762 1370 850 Hominem,
1444 784 1621 867 care
1679 760 1796 835 mi
1856 759 2131 848 frater,
2200 756 2408 835 forte
2466 756 2856 849 interfeci,
2931 774 3010 837 et
3074 760 3372 838 domus
3444 784 3623 838 mea

516 875 845 956 scrutari
898 875 1153 952 debet.
1212 873 1217 879 ’
1255 877 1597 975 Oportet
1641 873 1883 972 igitur
1930 874 2201 975 ipsum
2251 871 2565 973 sepeliri
2616 886 2695 950 et
2742 872 3149 950 abscondi.
3258 876 3498 971 Rogo
3546 886 3624 950 te

515 1006 610 1069 ut
659 1014 850 1068 eum
900 1001 1201 1066 secreto
1253 988 1616 1090 sepelias3
1691 1010 1936 1064 nemo
2005 983 2223 1062 enim
2283 997 2363 1061 te
2413 999 2873 1087 suspectum
2922 985 3277 1077 habebit,
3353 987 3627 1088 sicque

516 1128 654 1182 me
702 1102 996 1180 salvare
1045 1101 1365 1204 poteris.
1414 1142 1511 1159 —
1604 1106 1675 1178 9.
1723 1099 1973 1177 Filius
2022 1096 2209 1176 fecit
2256 1095 2462 1173 sieut
2508 1110 2733 1200 pater
2776 1099 3210 1201 imperavit.
3306 1100 3626 1178 Primus

522 1217 829 1295 amicus
886 1213 990 1291 ad
1057 1239 1303 1317 quem
1364 1216 1579 1291 venit
1642 1212 1837 1290 dixit
1897 1210 2006 1288 ei.
2077 1216 2234 1288 Fer
2290 1223 2559 1287 tecum
2617 1226 3041 1291 mortuum
3098 1210 3340 1290 tuum
3388 1237 3629 1316 super

518 1304 828 1407 collum
875 1341 1144 1417 tuum,
1210 1329 1413 1405 sicut
1457 1326 1708 1405 fecisti
1757 1320 2069 1401 malum
2115 1335 2384 1425 patere
2433 1322 3078 1416 satisfactionem,
3143 1327 3231 1403 in
3281 1326 3627 1439 domum

522 1450 790 1519 meam
840 1458 1011 1518 ιιοιι
1060 1442 1448 1519 introibis,
1494 1479 1597 1496 —-
1683 1443 1963 1535 Quum
2015 1452 2283 1515 autem
2330 1462 2477 1539 per
2523 1437 2882 1537 singulos
2932 1440 3231 1519 amieos
3280 1432 3472 1520 suos
3517 1441 3682 1519 ita.

522 1540 862 1646 fecisset,
914 1554 1203 1632 eodem
1255 1577 1642 1655 responso
1697 1576 1981 1629 omnes
2033 1553 2105 1629 ei
2155 1550 2763 1654 responderunt.
2859 1551 2984 1630 Ad
3032 1566 3342 1654 patrem
3388 1555 3632 1654 igitur

366 1684 393 1699 “
522 1670 842 1748 re'diens
867 1668 1271 1748 nunciavit
1295 1666 1521 1769 quod
1546 1664 1853 1743 fecerat.
1930 1664 2304 1766 Dixitque
2326 1678 2577 1767 pater.
2628 1664 2982 1763 Contigit
3002 1667 3148 1742 tibi
3179 1666 3407 1770 quod
3439 1666 3632 1745 dixit

523 1780 1161 1914 philosophus,
1164 1779 1425 1869 ,Multi
1478 1793 1666 1856 sunt
1714 1778 1918 1856 dum
1968 1792 2496 1855 numerantur
2546 1778 2815 1867 amici,
2864 1778 3007 1856 sed
3055 1780 3140 1855 in
3173 1782 3629 1860 necessitate

524 1896 784 1999 pauci.
801 1904 842 1934 “
938 1886 1162 1971 Vade
1224 1891 1327 1969 ad
1394 1891 1829 1969 dimidium
1890 1891 2244 1968 amicum
2302 1915 2584 1968 meum
2643 1915 2892 1992 quem
2951 1891 3245 1984 habeo,
3322 1910 3401 1973 et
3445 1895 3630 1973 vide

524 2008 726 2113 quid
779 2006 988 2084 dicat
1032 2006 1199 2082 tibi.
1247 2046 1343 2062 —-
1420 2008 1534 2081 10.
1581 2006 1852 2093 Venit,
1916 2017 1995 2081 et
2042 2005 2248 2082 sicut
2298 2003 2464 2080 aliis
2530 2003 2827 2081 dixerat
2874 2003 3065 2081 huic
3116 2007 3253 2097 ait,
3318 2009 3459 2110 qui
3509 2033 3632 2087 re·

529 2119 892 2225 spondit:
943 2123 1158 2199 Intra
1209 2117 1589 2207 domum,
1657 2141 1829 2195 non
1897 2130 2015 2195 est
2072 2117 2232 2194 hoc
2292 2130 2684 2194 secretum
2747 2117 2976 2219 quod
3024 2118 3301 2198 vicinis
3352 2121 3637 2200 debeat

529 2232 953 2338 propalari.
1000 2272 1101 2292 -—-
1175 2231 1484 2320 Emissa
1531 2231 1773 2329 igitur
1818 2252 2071 2312 uxore
2120 2254 2260 2306 sua
2311 2254 2500 2307 cum
2549 2232 2782 2309 omni
2832 2229 3131 2311 familia
3179 2259 3321 2313 sua
3372 2236 3632 2340 sepul-

358 2349 365 2358 ’
447 2415 462 2426 .
531 2362 798 2425 turam
862 2343 1093 2432 fodit.
1217 2350 1496 2440 Quum
1560 2357 1827 2421 autem
1892 2342 2168 2420 omnia
2227 2341 2535 2419 videret
2593 2359 2906 2447 parata
2893 2370 3098 2422 rem
3156 2365 3407 2450 prout
3472 2366 3635 2430 erat

534 2459 942 2548 disseruit,
1007 2448 1291 2558 gratias
1356 2475 1614 2554 agens.
1717 2454 2033 2532 Deinde
2110 2455 2310 2555 patri
2376 2455 2647 2533 retulit
2708 2482 2914 2559 quae
2974 2457 3281 2539 fecerat.
3407 2470 3634 2543 Pater

532 2599 723 2655 vero
776 2573 913 2651 ait:
978 2575 1137 2648 Pro
1187 2567 1323 2644 tali
1375 2567 1632 2644 amico
1679 2567 2217 2670 philosophus
2268 2568 2407 2648 ait:
2465 2569 2673 2662 „Hic
2739 2585 2858 2650 est
2902 2595 3086 2656 vere
3134 2576 3438 2656 amicus
3490 2579 3630 2688 qui

460 2677 471 2686 ’
529 2703 611 2768 te
661 2685 1007 2787 adjuvat,
1058 2693 1321 2786 q'uum
1364 2679 1726 2761 mundus
1774 2682 1920 2761 tibi
1971 2679 2313 2774 deficit.“

731 3033 800 3107 1.
846 3026 1066 3105 Dixit
1123 3025 1340 3104 filius
1405 3024 1507 3104 ad
1565 3041 1906 3128 patrem:
1979 3027 2268 3130 Vidisti
2331 3024 2753 3103 hominem
2815 3027 2954 3129 qui
3018 3029 3420 3127 integrum
3482 3031 3635 3108 sibi

538 3143 890 3223 amicum
938 3139 1286 3220 lucratus
1334 3137 1618 3217 suerit?
1661 3182 1763 3196 —
1836 3147 2070 3217 Tunc
2132 3154 2388 3243 pater:
2447 3143 2636 3217 Non
2685 3137 2848 3217 vidi
2901 3142 3251 3244 quidem,
3302 3143 3446 3221 sed
3497 3147 3633 3222 au-

537 3256 722 3334 divi.
770 3295 873 3312 —-
920 3263 1152 3335 Tunc
1201 3253 1450 3333 filius:
1522 3254 1934 3337 Renuncia
1996 3253 2200 3332 mihi
2254 3251 2358 3332 de
2407 3275 2539 3344 eo,
2599 3253 2665 3332 si
2713 3252 2924 3335 forte
2967 3256 3208 3334 talem
3256 3258 3459 3335 mihi
3513 3281 3635 3337 ac·

536 3370 911 3474 quisiero.
960 3411 1057 3452 -÷
1106 3370 1234 3447 Ait
1280 3384 1534 3471 pater:

726 3486 798 3560 2.
850 3479 1220 3580 Relatum
1285 3496 1402 3559 est
1461 3483 1661 3559 mihi
1729 3481 1831 3560 de
1896 3483 2221 3561 duobus
2280 3481 2945 3582 negotiatoribus,
3017 3505 3374 3588 quorum
3419 3509 3637 3564 unus

539 3596 837 3674 eratin
885 3599 1353 3698 Aegypto,
1428 3591 1622 3673 al'ter
1677 3594 2110 3699 Baldach,
2180 3621 2429 3699 seque
2492 3597 2669 3674 solo
2735 3595 3020 3675 auditu·
3067 3615 3636 3698 cognoverant,

541 3723 621 3785 et
666 3732 812 3810 per
828 3709 1439 3797 ,internuncios
1491 3732 1698 3810 quos
1744 3735 1895 3810 pro
1947 3712 2098 3787 sibi
2145 3710 2599 3788 necessariis
2629 3703 3067 3789 mittebant.
3164 3716 3233 3788 3.
3287 3714 3641 3812 Contigit

541 3836 811 3901 autem
868 3836 963 3898 ut
1021 3821 1159 3923 qui
1226 3830 1390 3897 erat
1434 3821 1780 3898 Baldach
1848 3824 1935 3899 in
2002 3819 2540 3956 negotiatione
2597 3824 2750 3902 iret
2792 3825 2879 3900 in
2927 3827 3392 3925 Aegyptum.
3491 3829 3652 3904 Ae«

541 3934 944 4037 gyptiacus
994 3931 1265 4009 audito
1318 3932 1484 4030 ejus
1537 3933 1881 4011 adventu
1933 3939 2281 4015 occurrit
2328 3938 2432 4026 ei,
2496 3951 2576 4015 et
2634 3939 2978 4040 suscepit
3042 3961 3229 4014 eum
3281 3937 3639 4068 gaudens

541 4049 629 4124 in
679 4047 1021 4124 domum
1071 4068 1319 4134 suam,
1372 4059 1448 4121 et
1494 4046 1580 4121 in
1632 4047 2015 4126 omnibus
2066 4050 2137 4127 ei
2187 4052 2516 4141 servivit,
2565 4052 2772 4130 sicut
2801 4076 2985 4128 mos
3021 4063 3137 4127 est
3170 4050 3639 4141 amicorum,

542 4184 689 4262 per
736 4167 919 4236 octo
971 4157 1172 4247 dies,
1222 4170 1300 4233 et
1348 4153 1699 4238 ostendit
1747 4161 1819 4239 ei
1870 4187 2157 4241 omnes
2203 4166 2595 4242 manerias
2646 4179 2920 4242 cantus
2968 4162 3406 4270 mulierum
3443 4190 3640 4268 quas
