3969 4580
1216 216 1257 227 ,
1823 112 1948 204 35

314 378 323 391 ,
533 302 819 384 Videte
895 325 1002 378 ne
1046 301 1228 378 ‘sitis
1295 301 1472 376 Deo'
1539 295 2006 376 obedientes
2079 311 2160 376 et
2220 295 2777 376 inobedientes
2836 262 2925 376 in
2993 302 3307 380 eodem.
3357 346 3452 363 -

340 418 641 511 Dicunt
692 418 800 493 ei:
854 415 1208 492 Enuclea
1256 412 1493 491 nobis
1538 411 1742 516 quid
1790 411 2010 489 dicis.
2057 454 2160 469 -
2242 413 2402 508 Qui
2454 414 2584 489 ait:
2643 414 3036 492 Dimittite
3085 416 3455 520 hypocri-

204 574 207 575 ἡ
340 532 484 607 sin.
581 534 722 623 Est
791 530 1010 604 enim
1089 526 1564 630 hypocrisiS,
1647 551 1922 603 coram
1982 526 2454 603 hominibus
2505 527 2888 604 'simulare
2960 555 3045 613 se
3119 532 3451 611 obedire

334 646 548 733 Deo,
597 644 684 718 in
736 642 1053 719 occulto
1104 665 1295 716 vero
1345 640 1900 717 inobedientes
1952 664 2140 717 esse.
2188 678 2290 713 -v-
2334 641 2545 716 Dicit
2594 641 2665 715 ei
2716 665 2928 717 unus
2981 667 3070 719 ex
3106 644 3449 750 discipu-

296 755 433 843 ‚lis
484 757 683 831 suis:
755 759 1000 832 Estne
1061 751 1278 830 aliud
1343 770 1595 850 genus
1657 753 2290 859 hypocritarum,
2363 752 2586 830 unde
2635 754 2949 831 homini
3004 759 3448 859 cavendum

336 870 480 946 sit?
524 909 630 924 -
672 869 887 944 Dixit
920 871 1315 944 Socrates:
1363 868 1503 942 Est
1533 867 1797 943 homo·
1844 867 1984 967 qui
2036 867 2121 940 in
2171 882 2480 967 aperto,
2533 883 2610 944 et
2640 868 2724 943 in
2763 868 3078 946 occulto
3117 870 3446 951 obedire

338 1008 423 1065 se
473 985 650 1058 Deo
704 980 1083 1067 ostendit,
1128 993 1614 1087 ‘ubsanxetus
1666 981 1763 1055 ab
1814 979 2288 1056 hominibus
2361 980 2777 1069 habeatur,
2841 995 2918 1058 et
2979 982 3076 1058 ab
3144 983 3446 1062 eisdem

338 1119 439 1172 eo
463 1096 645 1196 plus
677 1094 1141 1170 honoretur.
1214 1095 1358 1168 Est
1386 1106 1466 1168 et
1498 1094 1697 1169 alius
1746 1094 1897 1168 isto
1934 1092 2321 1181 subtilior,
2374 1096 2513 1195 qui
2567 1094 2769 1170 hanc
2817 1094 3275 1195 hypocrisin
3325 1123 3449 1176 re-

312 1207 660 1309 linquit,
732 1220 826 1282 ut
887 1204 1172 1304 majori
1241 1205 1641 1283 deserviat
1742 1213 2020 1302 Quum
2072 1207 2288 1281 enim
2338 1205 2633 1305 jejunat
2678 1207 2800 1284 vel
2855 1207 3445 1308 eleemosynam

331 1319 551 1409 facit,
600 1334 677 1396 et
725 1321 823 1396 ab
876 1344 975 1396 eo
1030 1320 1437 1420 quaeritur
1484 1320 1565 1395 si·
1599 1317 1918 1396 fecerit?
1963 1318 2430 1419 respondet.
2495 1325 2733 1398 Deus
2763 1322 2934 1397 scit!
2995 1322 3149 1399 vel.
3219 1329 3442 1402 Non!

333 1446 425 1512 ut
473 1435 555 1509 in
607 1431 895 1531 majori
943 1433 1377 1509 reverentia
1426 1433 1814 1510 habeatur
1863 1446 1942 1509 et
1993 1431 2332 1522 dicatur,
2409 1434 2593 1535 quia
2644 1433 3080 1536 hypocrita
3107 1460 3276 1513 non
3326 1456 3445 1518 est

332 1548 473 1650 qui
521 1546 997 1623 hominibus
1044 1544 1345 1621 sactum
1395 1570 1635 1623 suum
1686 1546 1892 1623 nolit
1941 1545 2360 1648 propalari.
2463 1546 2729 1622 Credo
2773 1550 3008 1625 etiam
3046 1574 3213 1627 esse
3247 1574 3441 1652 pau-

332 1686 472 1739 cos
523 1661 664 1761 qui
719 1644 989 1760 aliquo
1041 1657 1281 1756 hujus
1331 1659 1767 1760 hypocrisis
1818 1683 2108 1759 genere
2157 1682 2328 1734 non
2376 1658 2861 1785 participent.
2931 1662 3212 1739 Videte
3249 1689 3436 1781 ergo

330 1798 438 1852 ne
499 1774 650 1851 hac
711 1772 1052 1860 seducti,
1123 1772 1418 1848 laboris
1492 1774 1767 1848 vestri
1798 1772 2160 1873 praemio
2236 1770 2677 1872 privemini.
2779 1752 3026 1868 Quod
3102 1802 3205 1854 ne
3266 1768 3438 1868 fiat,
3461 1782 3472 1791 '

332 1886 611 1965 omnia
662 1882 870 1988 quael
915 1884 1164 1963 facitis
1214 1885 1518 1963 munda
1567 1887 2036 1964 intentione
2061 1884 2324 1973 facite,
2378 1908 2483 1960 ne
2530 1884 2721 1961 inde
2771 1887 3109 1985 gloriam
3144 1890 3470 1985 habere,

334 2000 746 2101 quaeratis
1026 2063 1031 2069 ,
2631 2038 2640 2043 -

523 2117 592 2188 6.
640 2111 853 2187 Dixit
888 2109 1085 2187 alius
1116 2062 1685 2241 philosophus·
1738 2111 1822 2186 Si
1853 2056 2034 2188 Deo
2065 2108 2402 2195 firmiter
2448 2106 2829 2201 inniteriS,
2882 2114 3156 2191 omnia
3203 2133 3438 2195 erunt

328 2225 474 2303 tibi
521 2249 903 2328 prospera
954 2248 1474 2325 quocumque
1522 2224 1727 2300 ieris.
2228 2261 2236 2267 ·
2437 2248 2448 2259 “

525 2345 594 2418 ’7.
641 2338 1052 2427 Balaam,
1130 2337 1269 2439 qui
1332 2337 1602 2435 lingua
1650 2336 1983 2414 Arabica
2041 2350 2371 2414 vocatur
2429 2336 2943 2412 Lucaniam
3008 2338 3202 2417 dixit
3259 2341 3430 2420 filio

331 2476 525 2529 suo.
597 2452 783 2540 Fili,
857 2475 962 2526 ne
1023 2450 1123 2525 sit
1170 2449 1561 2526 formica
1584 2451 2018 2552 sapientior
2061 2463 2171 2538 te,
2248 2472 2452 2550 quae
2517 2464 2939 2548 congregat
3001 2452 3087 2526 in
3150 2469 3434 2533 aestate

190 2594 211 2606 ·
327 2565 554 2644 unde
600 2566 808 2640 vivat
835 2564 920 2638 in
954 2563 1262 2660 hyeme.
1310 2603 1412 2617 —-
1446 2564 1634 2651 Fili,
1666 2589 1788 2640 ne
1836 2565 1937 2639 sit
1986 2559 2235 2661 gallus
2284 2561 2734 2660 vigilantior
2765 2576 2876 2650 te,
2942 2565 3098 2662 qui·
3131 2568 3217 2643 in
3265 2593 3433 2645 ma-

329 2679 609 2756 tutinis
668 2675 969 2772 vigilat,
1035 2688 1113 2749 et
1173 2688 1264 2751 tu
1330 2673 1656 2750 dormis.
1715 2717 1816 2732 -—-
1877 2677 2058 2765 Fili,
2120 2695 2225 2750 ne
2285 2675 2386 2752 sit
2448 2675 2698 2773 gallus
2755 2673 3047 2752 fortior
3110 2692 3222 2768 te,
3290 2684 3430 2783 qui

331 2789 614 2867 decem
661 2812 950 2880 uxores
1012 2811 1191 2863 suas
1238 2785 1634 2886 justificat,
1707 2802 1801 2865 tu
1856 2803 2130 2867 autem
2198 2787 2455 2863 solam
2516 2810 2684 2861 non
2746 2803 2975 2889 potes
3042 2793 3429 2891 castigare.

328 2902 617 2992 -Fili‚
668 2926 772 2977 ne
809 2901 904 2977 sit
932 2902 1144 2976 canis
1172 2899 1416 2977 corde
1441 2899 1796 2976 nobilior
1818 2914 1932 2990 te,
1963 2895 2121 3002 'qui
2164 2899 2766 2986 benefactorum
2810 2926 3150 2979 suorum
3195 2909 3431 2984 remi-

329 3017 686 3116 niscitur,
759 3028 853 3091 tu
921 3027 1191 3091 autem
1249 3013 1854 3091 benefactorum
1913 3029 2248 3094 tuorum
2312 3014 2467 3090 cito
2537 3012 3038 3090 oblivisceris.
3090 3060 3184 3074 —-
3244 3021 3429 3109 Fili,

334 3154 442 3207 ne
516 3111 879 3207 videatur
925 3128 1070 3205 tibi
1120 3115 1408 3229 parum
1455 3153 1718 3205 unum
1767 3127 2064 3205 habere
2112 3127 2564 3216 inimicum,
2626 3126 2751 3202 vel
2812 3127 3160 3205 nimium
3208 3132 3431 3209 mille

327 3242 626 3322 habere
673 3242 993 3322 amicos.
1105 3242 1307 3318 Dico
1358 3242 1537 3319 tibi.
1598 3247 1787 3319 Non
1831 3242 1931 3319 sit
1977 3243 2123 3319 tibi
2170 3261 2461 3345 parum
2508 3264 2773 3317 unum
2819 3240 3115 3319 habere
3160 3243 3428 3321 inimi-

332 3380 550 3444 cum,
621 3379 767 3432 nec
830 3355 1183 3432 multum
1233 3321 1455 3432 mille
1502 3355 1797 3432 habere
1842 3356 2174 3444 amicos,
2239 3355 2467 3456 quod
2512 3354 2724 3430 inter
2768 3354 2988 3432 mille
3039 3356 3163 3432 vix
3210 3381 3424 3436 unus

327 3452 729 3529 invenitur
775 3487 1028 3552 verus,
1389 3532 1398 3542 ,

522 3590 593 3666 8.
641 3583 889 3658 Arabs
937 3584 1410 3672 morituruS,
1485 3597 1766 3660 vocato
1828 3580 2003 3659 filio
2066 3605 2254 3670 suo,
2330 3579 2527 3658 dixit
2579 3579 2677 3655 ei:
2739 3581 2930 3670 Dic,
2994 3578 3147 3673 fili,
3223 3600 3424 3682 quot

323 3693 471 3770 tibi
509 3693 710 3770 dum
736 3695 983 3772 vixisti
1036 3696 1493 3798 acquisieris
1539 3696 1881 3774 amicos?
1927 3737 2030 3753 —··
2073 3693 2522 3796 Respondit
2568 3691 2782 3767 filius
2835 3708 2912 3770 et
2945 3694 3164 3772 dixit:
3218 3700 3422 3774 Cen-

324 3821 535 3896 tum,
584 3820 678 3883 ut
728 3807 1092 3896 arbitror,
1143 3809 1516 3909 acquisivi
1564 3808 1764 3886 mihi
1818 3809 2135 3888 amicos
2184 3848 2283 3866 —
2329 3807 2542 3884 Dixit
2573 3818 2828 3907 pater:
2875 3807 3422 3912 Philosophus

327 3920 556 3997 dicit:
604 3925 728 3997 Ne
775 3918 1055 3996 laudes
1102 3922 1451 3999 amicum
1499 3938 1734 4000 tuum
1785 3921 2044 4001 donec
2076 3919 2535 4023 probaveris
2569 3943 2776 3996 eum.
2876 3925 3048 4020 Ego
3087 3919 3420 4023 quidem
3459 3967 3464 3972 ⁴

325 4035 552 4135 prior
596 4048 828 4112 natus
878 4057 1094 4122 sum,
1146 4048 1223 4110 et
1268 4036 1512 4143 unius
1563 4035 2138 4113 dimidietatem
2187 4034 2318 4110 vix
2363 4032 2576 4109 mihi·
2607 4035 3001 4135 acquisivi.
3102 4039 3235 4112 Tu
3282 4061 3419 4112 au·

324 4160 494 4224 tem
543 4160 891 4226 centum
911 4148 1303 4250 quoniam
1337 4138 1830 4251 acquisivisti,
1878 4147 1995 4226 fili
2043 4148 2179 4238 mi,
2227 4145 2438 4226 vade
2461 4145 2705 4246 igitur
2733 4149 3076 4249 probare
3113 4171 3417 4240 omnes,

2563 4264 2642 4334 -5
2685 4265 2718 4300 *
