3969 4580
2039 104 2225 200 164

1946 288 2313 377 xxxw:

797 434 856 496 1.
945 430 1178 491 »Bene
1219 424 1768 511 disciplinatum
1807 439 1882 490 et
1919 428 2299 506 curialem,
2311 460 2346 491 α
2389 461 2472 478 --
2532 428 2674 514 Cyr
2677 431 2787 493 llus
2822 431 3099 515 Episcop.
3142 430 3314 515 Spec.
3355 433 3598 516 sapient.
3637 434 3694 514 1,

567 549 690 610 cap.
733 526 842 588 18·
887 526 1064 586 ”Mus
1102 523 1403 607 spatiatum
1445 535 1579 604 post
1617 543 1775 584 esum
1814 522 2172 603 discurrens,
2211 536 2385 605 quem
2424 522 2550 604 leo,
2590 526 2780 588 facie
2821 527 3085 588 curiali
3122 525 3466 608 respiciens,
3516 527 3693 591 cauda

565 622 827 705 deposita
864 617 1161 680 humiliter
1197 616 1503 679 salutavit«
1550 649 1632 664 —
1686 617 1988 701 Dyalogus
2027 620 2417 683 creaturarum
2456 622 2667 682 1272:
2727 619 2982 696 ”Qualia
3019 642 3110 683 me
3163 621 3498 702 (alaudam)
3536 622 3693 685 misit

564 719 637 780 sd
674 730 737 780 te
775 710 1186 803 (accipitrem)
1225 722 1296 772 ut
1334 732 1673 792 responsum
1712 711 1768 775 ei
1806 712 2037 774 reddam
2077 714 2369 795 prolatum
2407 710 2910 777 aicurialitate
2948 718 3110 780 tu'a«
3157 749 3239 764 —·
3300 715 3385 777 Ib.
3425 739 3546 800 cap.
3587 719 3690 779 75·

575 811 876 898 ”Legebat
901 808 1175 893 magister
1199 804 1470 867 Alanus
1508 805 1690 887 apud
1717 805 2040 867 Montem
2065 807 2566 885 Pessulanum,
2602 821 2666 870 et
2702 810 3009 872 audierunt
3048 809 3256 873 milites
3295 810 3493 889 vicini,
3534 808 3693 894 quod

568 919 763 973 tantus
803 905 1045 969 clericus
1085 912 1262 978 esset,
1303 912 1367 962 et
1404 899 1561 981 quod
1599 899 1669 960 ad
1711 901 1901 963 omnia
1938 899 2294 986 interrogata
2332 903 2751 984 responderet
2813 904 3202 968 Accesserant
3253 918 3399 990 ergo
3449 905 3520 967 ad
3561 916 3696 969 ειιιιι

513 1048 520 1059 ,
570 1002 644 1064 de
683 998 975 1063 communi
1015 1018 1326 1089 consensu,
1386 1006 1448 1055 et
1496 994 1874 1079 quaesierunt
1911 993 1982 1055 ab
2035 1016 2142 1075 eo,
2204 1017 2378 1078 quae
2426 1010 2617 1060 esset
2654 997 2947 1061 maxima
2989 999 3385 1061 curialitas.
3465 999 3696 1076 Quibus

569 1084 697 1158 ille.
734 1096 927 1157 Dare
966 1080 1531 1153 curialissimum
1572 1102 1744 1152 εει...
1787 1121 1873 1145 ν-
1927 1068 2015 1150 ib.
2055 1112 2176 1172 cap.
2215 1090 2319 1152 802
2385 1093 2562 1153 »Pica
2599 1092 2671 1153 ad
2711 1094 2950 1177 agazias.
3002 1094 3068 1154 Si
3122 1095 3432 1157 convolare
3470 1117 3698 1159 mecum

571 1191 809 1272 cupitis,
847 1211 952 1252 vos
992 1185 1310 1268 recipiet
1349 1185 1502 1266 ipse
1543 1183 1810 1264 (Doctor
1849 1182 2050 1261 meus)
2091 1184 2517 1264 curialiter,
2555 1199 2616 1249 et
2653 1187 2886 1250 docebit
2924 1200 2994 1249 ut
3030 1189 3199 1250 docta
3238 1211 3365 1251 sum
3404 1211 3582 1273 ega«
3614 1220 3698 1240 ——-

573 1285 827 1371 Thomas
868 1281 1247 1363 Cantimprat.
1287 1278 1469 1360 Apiar
1506 1281 1576 1356 2,
1622 1280 1729 1342 29:
1789 1278 1941 1339 ’1Vir
1977 1278 2077 1341 ille
2118 1279 2643 1344 curialissimus
2683 1294 2755 1344 et
2793 1274 3376 1358 humanissimus,
3416 1286 3700 1370 Augusti-

572 1401 745 1457 nus-«2
791 1413 872 1428 —
911 1378 996 1439 lb.
1038 1379 1107 1452 1,
1147 1374 1253 1437 20:
1302 1372 1660 1454 ”Quumque
1697 1374 2005 1455 proposito
2045 1372 2354 1450 declarato,
2391 1375 2721 1458 accipitrem
2749 1377 2943 1439 decem
2972 1376 3277 1439 mutouum
3305 1381 3696 1462 peroptimum

571 1494 747 1555 quem
795 1471 1045 1534 habebat
1094 1472 1342 1557 (Hugo
1386 1467 1964 1547 Cameracensis)
2015 1469 2183 1529 multi
2234 1468 2458 1531 nobiles
2504 1484 2802 1553 peterent,
2852 1472 3025 1533 mira
3075 1472 3498 1536 curialitate
3538 1475 3700 1537 dissi-

571 1567 840 1645 mulavit,
901 1578 963 1628 et
1016 1566 1250 1629 veniens
1301 1563 1372 1625 ad
1423 1576 1650 1645 portam
1705 1562 1976 1625 coenobii
2026 1562 2339 1626 monachus
2387 1586 2525 1626 mox
2565 1566 2794 1629 futurus
2832 1567 3165 1650 accipitrem
3203 1568 3419 1651 pedum
3456 1569 3698 1636 vinculis

574 1661 781 1742 solvit,
819 1673 883 1725 et
918 1660 991 1729 ad
1027 1652 1192 1727 auras
1231 1659 1418 1722 libere'
1454 1657 1654 1719 volare
1692 1658 1988 1740 permisit,
2026 1657 2357 1740 hujusmodi
2394 1660 2588 1724 verbis
2625 1680 2799 1737 usus:⁸

1379 1772 1494 1833 Hic
1532 1783 1594 1833 te
1634 1771 1862 1832 dimitto
1905 1771 2124 1853 laxum,
2162 1770 2563 1857 placidumque
2599 1774 2874 1861 remitto,
2915 1816 2919 1821 -

1498 1866 1797 1928 Libertate
1838 1866 1955 1928 frui
1993 1886 2105 1949 pro
2146 1866 2409 1929 bonitate
2445 1870 2598 1933 ιιιῖ...

543 1956 678 2046 'Ad'
714 1981 926 2065 Ephes.
965 1982 1040 2058 5,
1085 1979 1233 2042 Aut
1269 1977 1816 2060 stultiloquium
1854 1991 1976 2042 aut
2013 1979 2465 2059 scurrilitas,
2504 1981 2717 2045 Glossa
2755 1982 3169 2048 interlinearis:
3229 1985 3454 2062 ”Quod
3494 2007 3527 2049 a
3552 1986 3698 2049 stul·

580 2077 658 2139 tis
695 2074 1075 2138 curialitas
1114 2076 1353 2152 dicitur,
1402 2074 1461 2135 id
1501 2086 1616 2152 est,
1666 2073 2031 2155 jocularitas,
2084 2095 2231 2155 quae
2277 2076 2457 2139 risum
2507 2097 2746 2141 movere
2793 2069 3005 2143 solet'«
3062 2112 3144 2126 —
3199 2081 3377 2145 Diese
3413 2076 3700 2163 Beispiele

582 2171 735 2232 kann
771 2191 903 2231 man
940 2194 1016 2232 zu
1054 2171 1167 2232 den
1205 2168 1301 2231 bei
1336 2170 1438 2233 Du
1478 2168 1680 2252 Gange
1715 2169 1836 2229 und
1877 2168 2224 2252 Carpeutier
2259 2170 2457 2252 stigen.

821 2266 878 2327 5.
966 2265 1296 2328 ”Levitae
1354 2266 1522 2328 irae·
1567 2264 2043 2327 mortalitatis
2091 2299 2174 2313 —
2232 2262 2527 2327 nimium
2577 2259 2821 2329 mollis
2873 2267 3225 2331 exstitit«
3282 2302 3364 2317 —·
3433 2269 3519 2331 So
3571 2267 3699 2333 liest

583 2358 840 2423 deutlich
891 2360 996 2423 der
1037 2360 1185 2423 Cod.
1221 2360 1390 2426 Vrat.
1468 2359 1610 2421 Dies
1649 2357 1783 2420 liisst
1818 2359 1940 2422 sich
1976 2358 2233 2421 allenfals
2272 2360 2558 2421 erklaren:
2627 2361 2780 2423 »Die
2821 2362 3002 2423 Milde
3052 2362 3147 2424 bei
3198 2365 3301 2425 der
3340 2364 3549 2428 Wuth
3594 2364 3700 2426 der

446 2499 452 2526 ,.
582 2455 1007 2537 Hungersuoth
1023 2455 1096 2534 ΙΙΙ“)
1153 2455 1216 2516 ῖιι
1263 2453 1600 2537 Beziehung
1645 2453 1753 2514 auf
1788 2453 1904 2516 den
1952 2452 2120 2526 Sohn
2165 2485 2248 2500 —
2295 2475 2420 2514 war
2467 2477 2541 2515 zu
2579 2455 2868 2539 gelinde0«
2956 2456 3148 2518 luders
3196 2457 3422 2519 scheint
3458 2460 3572 2520 mir-
3608 2459 3700 2522 die

588 2548 915 2630 Conjektur
954 2550 1052 2614 des
1090 2550 1242 2611 Hru.
1280 2552 1458 2611 Hase:
1518 2548 1855 2609 »Lenitas
1894 2560 2176 2610 vestrae
2216 2548 2657 2628 majestatis«
2714 2571 2813 2610 um
2852 2570 2919 2611 so
2958 2549 3127 2611 mehr
3158 2547 3586 2632 vorzuzieben,
3629 2553 3700 2615 da

587 2646 683 2711 die
719 2646 927 2709 beiden
966 2645 1190 2707 Pariser
1225 2642 1750 2706 Handschrirtenn
1718 2640 2029 2704 ”leuitas
2066 2654 2392 2705 vestrae«
2441 2642 2538 2703 fiir
2585 2640 2887 2705 ”levitas
2927 2642 3124 2706 irae«
3169 2643 3386 2708 bieteu.

824 2744 882 2803 6.
971 2737 1378 2821 »Principis
1418 2738 1602 2802 euim
1637 2737 2252 2838 vultuositatem«
2280 2749 2381 2786 -ὃ-
2430 2738 2551 2802 Das
2588 2738 2765 2800 letste
2803 2736 3240 2801 substantivum
3280 2739 3430 2804 fehlt
3465 2741 3563 2806 δεῖ
3599 2742 3700 2807 Du

590 2835 790 2920 Gange
826 2834 948 2896 und
987 2833 1352 2917 Carpentier.

828 2933 886 2993 7.
975 2927 1229 2988 ”Pater
1254 2928 1523 2990 etenim
1552 2937 1748 2994 meus
1780 2928 2191 2992 thesaurum
2206 2939 2751 3013 congregatum
2788 2927 2978 2990 unde
3015 2928 3205 2992 fures
3243 2951 3505 3011 rapere
3540 2953 3700 3015 pos·

591 3033 756 3089 sent
790 3023 1266 3100 collocarint«
1299 3054 1381 3071 —-
1420 3022 1560 3082 Und
1598 3020 1654 3105 ἓ.
1678 3028 1741 3086 9·
1789 3026 1980 3104 ”Hoc
2019 3024 2227 3086 modo
2270 3022 2455 3104 quod
2494 3022 2898 3105 pretiosius
2937 3023 3189 3086 habuit
3228 3022 3432 3089 filius
3472 3028 3703 3090 consi-

592 3118 792 3184 liarii
828 3120 1021 3206 regis
1060 3119 1131 3180 in
1170 3087 1379 3180 domo
1420 3118 1851 3180 deliciarum
1887 3115 2478 3182 thesaurizavit«

831 3213 1117 3276 Offenbar
1153 3212 1512 3298 angekuiipl't
1549 3234 1623 3275 an
1661 3200 1982 3291 matth-6,
2024 3217 2129 3275 19·
2179 3193 2424 3288 ”Nolite
2462 3210 2847 3275 thesaurizare
2883 3211 3052 3278 vobis
3091 3179 3453 3277 thesauros
3430 3235 3493 3275 ιιι
3510 3225 3737 3300 .terra,·

591 3306 697 3372 ubi
732 3329 951 3394 aerugo
991 3321 1054 3376 et
1089 3309 1245 3371 tinea
1271 3307 1601 3387 demolitur,
1639 3320 1700 3370 et
1736 3306 1836 3368 ubi
1875 3308 2075 3371 fures
2108 3283 2397 3371 effodiunt
2434 3320 2496 3370 et
2533 3293 2820 3382 furantur.
2884 3297 3291 3371 'thesaurizate
3321 3311 3513 3386 autem
3536 3311 3703 3378 vobis

592 3402 950 3468 thesauros'
929 3426 992 3465 ιιι
1030 3387 1232 3483 coelo,
1267 3401 1370 3464 ubi
1410 3423 1518 3466 nec
1558 3423 1775 3486 aerugo
1816 3423 1923 3465 nec
1963 3405 2121 3466 tinea
2158 3402 2501 3481 demolitur,
2538 3401 2600 3465 et
2636 3402 2738 3464 ubi
2777 3403 2935 3465 fures
2974 3422 3098 3464 non
3137 3403 3428 3466 effodiunt
3465 3421 3575 3468 nec
3598 3407 3706 3469 fu·-

592 3511 814 3561 rantur.
891 3499 1012 3560 Ubi
1050 3497 1203 3560 enim
1241 3510 1332 3560 est
1366 3498 1666 3561 thesaurus
1703 3510 1867 3575 tuus,
1912 3497 1995 3559 ibi
2034 3511 2123 3561 est
2161 3510 2223 3561 et
2261 3519 2368 3559 cor
2404 3510 2637 3560 ιιιιιιιι...
2725 3493 2933 3582 Vergl.
2966 3491 3704 3572 Luc.12‚33:»1?acite

561 3593 760 3660 ‘vobis
797 3594 1083 3671 sacculos,
1135 3593 1235 3674 qui
1276 3613 1397 3655 non
1435 3605 1830 3671 veterascunt,
1865 3592 2194 3655 thesaurum
2234 3614 2358 3655 non
2395 3593 2779 3658 deficientem
2792 3592 2854 3652 in
2894 3592 3102 3670 coelis,
3140 3605 3251 3655 etc.
3262 3626 3296 3656 ..

830 3688 944 3752 Die
970 3687 1228 3751 Parabel·
1247 3687 1353 3749 der
1389 3689 1548 3753 Disc.
1576 3690 1714 3752 cler.
1751 3686 1927 3750 selbst
1963 3689 2041 3750 ist
2076 3689 2173 3752 ein
2211 3686 2681 3750 unbedeutendes
2708 3687 3077 3750 Seitenstiick
3113 3711 3187 3749 zu
3227 3688 3334 3751 der
3369 3689 3702 3753 bekannten

593 3782 677 3845 im
716 3784 1004 3846 Baarlam
1017 3783 1138 3846 und
1159 3777 1460 3864 Josaphat.
1542 3783 1604 3844 S.
1629 3781 1891 3845 Wiener
1913 3783 2280 3854 Jahrbiiclier
2306 3783 2484 3859 1824,
2520 3782 2629 3844 Bd.
2669 3783 2749 3842 26
2787 3805 2847 3865 Ρ.
2886 3783 2967 3844 38
3008 3783 3125 3844 und
3164 3784 3305 3868 folg.
3387 3785 3528 3847 Man
3566 3784 3707 3871 stige

595 3877 713 3942 den
759 3880 897 3941 dort
944 3877 1283 3966 gegebenen
1319 3876 1817 3966 Nachweisungen
1868 3878 2069 3939 hiuzu
2083 3879 2174 3942 die
2213 3877 2541 3941 trefflichen
2576 3876 2762 3941 'Verse
2801 3899 2901 3941 aus
2938 3877 3202 3966 Angelus
3242 3877 3511 3966 Silesius,
3551 3880 3709 3945 che-

594 3973 958 4038 rubinischer
994 3974 1501 4052 wanden-mann,
1540 3972 1707 4035 Buch
1744 3975 1786 4036 6
1822 3974 2116 4037 Nr.179:

739 4200 814 4280 ιῑῑ)
893 4199 996 4263 Du
1013 4140 1258 4283 Gange.
1304 4194 1791 4279 »Mei-talita,
1827 4195 2034 4280 pestis,
2070 4189 2223 4280 lues,
2262 4217 2410 4282 quae
2440 4198 2508 4261 in
2547 4196 2773 4288 populo
2810 4178 3166 4285 grassatura
