3969 4580
622 312 631 321 ·
770 292 993 374 Alius
1053 288 1624 394 philosophus:
1685 288 1836 366 Fili
1883 290 2038 380 mi,
2099 307 2344 389 grave
2395 303 2513 366 est
2560 272 2846 368 arduas
2906 288 3366 381 mansiones
3420 310 3690 369 ascen-

579 405 789 498 dere,
841 422 919 485 et
965 405 1064 483 ab
1117 405 1419 483 eisdem
1481 403 1965 481 descendere
2012 402 2259 481 facile.

769 519 990 599 Alius
1036 516 1600 621 philosophus:
1661 521 1786 595 Ne
1831 515 2124 673 habeas
2171 540 2322 617 pro
2374 538 2668 615 magno
2722 516 3148 595 amicitiam
3197 516 3445 606 stulti,
3497 516 3689 623 quia
3751 555 3776 563 ,

578 658 750 715 non
800 647 917 711 est
958 654 1454 736 permanens.
2015 680 2020 687 -

773 753 841 828 7.
922 747 1177 825 Alius:
1236 745 1528 824 Melior
1601 757 1719 821 est
1794 742 2130 823 societas
2191 742 2573 845 simplicis
2645 742 2854 821 inter
2926 742 3318 848 sapientes
3388 741 3689 832 nutriti,

442 891 458 895 ’
582 885 829 965 quam
876 856 1291 962 prudentis
1342 882 1530 934 cum
1579 857 2103 935 leccatoribus
2155 855 2487 932 educati.

776 972 1030 1051 Alius:
1078 971 1417 1048 Dulcior
1467 985 1585 1048 est
1632 970 1967 1073 sapienti
2018 993 2288 1071 aspera
2318 962 2473 1105 vita'
2513 969 2722 1046 inter
2753 970 3162 1072 sapientes,
3212 992 3460 1071 quam
3510 966 3690 1045 dul-

585 1086 696 1162 cis
742 1086 898 1162 vita
944 1085 1153 1161 inter
1203 1084 1684 1185 insipientes,
2625 1148 2642 1163 ,

775 1203 845 1274 8.
928 1197 1181 1276 Alius:
1246 1197 1693 1299 Sapientiae
1757 1193 1968 1271 duae
2029 1206 2219 1269 sunt
2264 1193 2598 1295 species,
2657 1216 2822 1271 una
2871 1195 3269 1285 naturalis,
3317 1207 3401 1272 et
3447 1193 3688 1272 altera

585 1308 1026 1399 artificialis,
1085 1336 1429 1413 quarum
1476 1333 1641 1387 una
1689 1331 1861 1386 non
1907 1319 2174 1408 potest
2218 1330 2543 1383 manere
2592 1305 2764 1383 sine
2817 1308 2984 1384 alia.

775 1423 1035 1501 Alius·
1083 1426 1207 1500 Ne
1256 1424 1706 1502 committas
1742 1420 2000 1499 stultis
2049 1418 2535 1549 sapientiam,
2589 1420 2776 1521 qm'a
2827 1434 2944 1498 est
2983 1416 3501 1519 injuriosum3
3549 1436 3688 1496 ne·
3753 1430 3759 1446 ¹

586 1558 746 1639 que
794 1535 1282 1638 sapientibus
1328 1560 1508 1614 eam
1562 1537 1923 1635 denegeS,
1971 1557 2216 1610 suum
2269 1544 2385 1607 est
2434 1531 2544 1607 eis
2596 1531 2979 1610 conferre.

777 1655 845 1727 9.
929 1647 1150 1726 Alius
1197 1649 1766 1752 philosophus.
1813 1644 2072 1747 Hujus
2122 1643 2410 1721 mundi
2464 1626 2680 1720 dona
2730 1646 3038 1723 diversa
3088 1659 3307 1736 sunt3
3353 1645 3689 1749 quibus-

584 1755 775 1838 dam
825 1761 1045 1837 enim
1096 1761 1332 1839 datur
1378 1787 1654 1839 rerum
1703 1760 2123 1863 possessiO,
2175 1755 2661 1859 quibusdam
2710 1759 3108 1860 sapientia.

781 1873 1134 1968 Quidam
1184 1875 1526 1977 loquens
1577 1899 1767 1951 cum
1827 1872 2000 1949 filio
2065 1896 2251 1960 suo,
2308 1870 2603 1972 inquit:
2668 1869 2887 1966 Quid
2948 1871 3223 1949 malles
3282 1870 3428 1948 tibi
3497 1870 3690 1965 dari,

585 2007 691 2060 an
737 2007 1098 2075 censum,
1151 2011 1254 2063 an
1305 1988 1960 2089 sapientiam?-—
2023 1986 2178 2063 Cui
2244 1982 2489 2060 filius:
2551 1987 2869 2061 Horum
2932 1983 3329 2085 quidlibet
3385 1984 3691 2083 indiget

585 2096 762 2173 alio.
809 2138 910 2153 -
974 2102 1090 2174 10.
1151 2099 1338 2176 Fuit
1386 2098 1716 2201 quidam
1766 2101 2099 2201 sapiens,
2146 2094 2631 2173 versificator
2681 2096 3042 2195 egregius
3091 2098 3234 2175 sed
3283 2119 3579 2198 egenus
3613 2113 3691 2177 et
3773 2094 3790 2115 ‘

590 2209 1048 2300 mendicus,
1120 2235 1437 2314 semper
1510 2211 1612 2288 de
1669 2223 2154 2313 paupertate¹
2201 2233 2346 2284 sua
2408 2209 2682 2284 amicis
2742 2233 3276 2312 conquerens,
3351 2210 3455 2287 de
3530 2235 3690 2314 qua

585 2323 1144 2401 etiam·versus
1193 2325 1651 2426 composuit
1696 2324 1937 2400 talem
1987 2345 2315 2399 sensum
2361 2321 2922 2422 exprimentes:
2975 2329 3135 2414 Tu,
3188 2323 3326 2427 qui
3376 2324 3688 2425 partiris

587 2449 881 2540 parteS,
940 2450 1330 2525 monstra,
1396 2443 1577 2514 Mea
1627 2462 1772 2514 cur
1820 2435 2019 2511 mihi
2089 2434 2331 2512 desit?
2406 2433 2874 2534 Culpandus
2936 2459 3104 2513 non
3171 2460 3288 2525 es,
3354 2435 3496 2513 sed
3559 2435 3687 2513 dic

579 2548 815 2638 mihi,
865 2572 1109 2651 quem
1162 2549 1527 2650 culpabo,
1626 2554 1836 2628 Nam
1887 2549 1951 2625 si
2010 2548 2501 2626 constellatio
2553 2547 2753 2623 mihi
2808 2547 3040 2638 dura,
3092 2575 3135 2625 a
3186 2555 3304 2625 Te
3355 2572 3688 2652 quoque

504 2685 519 2702 ⁸
580 2661 666 2739 id
729 2660 1031 2740 factum
1092 2662 1621 2741 indubitabile
1686 2676 1818 2741 est.
1921 2660 2082 2739 Sed
2143 2661 2350 2741 inter
2407 2685 2544 2739 me
2608 2674 2687 2736 et
2736 2662 3006 2763 ipsam
3071 2664 3204 2738 Τιι
3277 2675 3551 2740 orator
3611 2674 3690 2738 et

581 2771 819 2871 judex
893 2798 995 2851 es.
1107 2781 1237 2850 Tu
1310 2775 1595 2854 dedisti
1671 2774 1878 2853 mihi
1953 2775 2419 2884 sapientiam
2493 2775 2663 2850 sine
2737 2773 3193 2849 substantia.
3289 2773 3443 2847 Dic
3492 2796 3683 2870 ergo

456 2953 463 2964 ,
506 2983 517 2994 f
582 2885 783 2962 mihi
835 2875 1037 2987 quid
1085 2867 1315 2966 faciat
1361 2889 1741 2993 sapientia
1791 2888 1963 2967 sine
2011 2887 2474 2975 substantia;
2521 2885 2807 2987 accipe
2835 2889 3178 2987 partem'
3239 2884 3687 2984 sapientiae,

582 3011 659 3074 et
719 2998 823 3074 da
889 2998 1090 3074 mihi
1150 3014 1461 3101 partem
1524 3003 1928 3102 pecuniae.
2025 3006 2149 3080 Ne
2210 2998 2531 3104 patiaris
2591 3023 2726 3078 me
2787 2998 2928 3077 illo
2992 2994 3390 3096 indigere,
3458 2995 3694 3098 cujus,

582 3108 900 3187 donum
950 3112 1099 3189 erit
1142 3112 1344 3188 mihi
1394 3112 1715 3214 pudori.

779 3227 892 3299 ll.
978 3225 1191 3301 Dixit
1249 3226 1449 3303 alius
1523 3225 2090 3329 philosophus.
2174 3226 2469 3304 Tribus
2530 3194 2802 3305 modis
2837 3225 3168 3356 ‘indiget
3221 3249 3438 3303 unus
3504 3224 3680 3302 alio.

580 3336 1087 3439 Cuicumque
1134 3338 1342 3418 bene
1390 3340 1702 3430 feceris,
1748 3340 1836 3415 in
1887 3364 1983 3417 eo
2036 3337 2297 3440 major
2345 3365 2444 3418 eo
2489 3340 2679 3431 eris;
2731 3338 2956 3440 cujus
3004 3364 3177 3418 non
3224 3338 3680 3439 indigueris,

579 3475 720 3550 par
764 3450 1025 3552 ipsius
1064 3449 1247 3536 eris;
1299 3437 1533 3551 cujus
1572 3478 1762 3532 vero
1811 3452 2282 3552 indigueriS,
2329 3455 2606 3546 minor
2654 3454 2825 3532 eris.

774 3562 995 3640 Alius
1057 3563 1630 3695 philosophus.
1695 3565 2022 3644 Claritas
2085 3567 2401 3652 animae
2465 3580 2583 3645 est
2644 3566 3057 3670 sapientia,
3131 3589 3415 3643 census
3487 3586 3679 3643 vero

579 3649 879 3752 claritas
932 3677 1310 3779 corporiS,

773 3785 1030 3865 Alius:
1083 3790 1498 3891 Sapientia
1514 3805 1836 3870 mortua
1867 3815 2207 3895 corpora
2239 3791 2579 3871 vivificat
2627 3816 2770 3868 sua
2819 3792 3182 3884 claritate,
3230 3791 3447 3870 velut
3472 3803 3682 3868 terra

582 3897 794 3975 arida
849 3899 1322 3979 humiditate
1370 3902 1685 4003 pluviae
1733 3905 2062 3980 virescit.

634 4047 657 4058 ν
775 4014 892 4091 12.
995 4011 1348 4107 Quidam
1400 4013 1836 4117 discipulus
1886 4016 2087 4095 dixit
2131 4017 2546 4117 magistro.
2599 4015 3048 4115 Quomodo
3097 4014 3476 4098 habendo
3526 4036 3683 4103 me,

577 4121 785 4200 inter
832 4123 1221 4224 sapientes
1272 4124 1711 4231 discipulus
1759 4131 2335 4234 computabor?
2383 4173 2481 4191 —
2526 4131 2931 4230 Magister:
2987 4135 3227 4208 Serva
3268 4128 3683 4212 silentium

3419 4237 3684 4317 donec
