<?xml version="1.0" encoding="UTF-8"?>
<!DOCTYPE html PUBLIC "-//W3C//DTD XHTML 1.0 Transitional//EN"
    "http://www.w3.org/TR/xhtml1/DTD/xhtml1-transitional.dtd">
<html xmlns="http://www.w3.org/1999/xhtml" xml:lang="en" lang="en">
 <head>
  <title>
</title>
<meta http-equiv="Content-Type" content="text/html;charset=utf-8" />
  <meta name='ocr-system' content='tesseract 3.04.00' />
  <meta name='ocr-capabilities' content='ocr_page ocr_carea ocr_par ocr_line ocrx_word'/>
</head>
<body>
  <div class='ocr_page' id='page_1' title='image "./petrialfonsidis00schmgoog_0065.png"; bbox 0 0 3969 4580; ppageno 0'>
   <div class='ocr_carea' id='block_1_1' title="bbox 1760 109 1884 203">
    <p class='ocr_par' dir='ltr' id='par_1_1' title="bbox 1760 109 1884 203">
     <span class='ocr_line' id='line_1_1' title="bbox 1760 109 1884 203; baseline -0.016 0"><span class='ocrx_word' id='word_1_1' title='bbox 1760 109 1884 203; x_wconf 81' lang='lat'><strong>55</strong></span> 
     </span>
    </p>
   </div>
   <div class='ocr_carea' id='block_1_2' title="bbox 269 270 3383 522">
    <p class='ocr_par' dir='ltr' id='par_1_2' title="bbox 269 270 3383 522">
     <span class='ocr_line' id='line_1_2' title="bbox 270 270 3383 407; baseline 0.001 -24"><span class='ocrx_word' id='word_1_2' title='bbox 270 328 464 407; x_wconf 79' lang='lat' dir='ltr'><strong>gans</strong></span> <span class='ocrx_word' id='word_1_3' title='bbox 497 305 634 385; x_wconf 74' lang='lat' dir='ltr'><strong>ait:</strong></span> <span class='ocrx_word' id='word_1_4' title='bbox 686 303 761 382; x_wconf 87' lang='grc' dir='ltr'>Ο</span> <span class='ocrx_word' id='word_1_5' title='bbox 812 299 1221 383; x_wconf 68' lang='lat' dir='ltr'><strong>seductor!</strong></span> <span class='ocrx_word' id='word_1_6' title='bbox 1272 305 1536 379; x_wconf 80' lang='lat' dir='ltr'><strong>Tuam</strong></span> <span class='ocrx_word' id='word_1_7' title='bbox 1570 270 1739 379; x_wconf 70' lang='lat' dir='ltr'><strong>esse</strong></span> <span class='ocrx_word' id='word_1_8' title='bbox 1788 297 2235 400; x_wconf 77' lang='lat' dir='ltr'><strong>perfidiam,</strong></span> <span class='ocrx_word' id='word_1_9' title='bbox 2284 312 2524 404; x_wconf 70' lang='lat' dir='ltr'><strong>atque</strong></span> <span class='ocrx_word' id='word_1_10' title='bbox 2568 308 2806 380; x_wconf 79' lang='lat' dir='ltr'><strong>tuum</strong></span> <span class='ocrx_word' id='word_1_11' title='bbox 2855 302 3162 383; x_wconf 75' lang='lat' dir='ltr'><strong>facinus</strong></span> <span class='ocrx_word' id='word_1_12' title='bbox 3212 328 3383 387; x_wconf 75' lang='lat' dir='ltr'><strong>esse</strong></span> 
     </span>
     <span class='ocr_line' id='line_1_3' title="bbox 269 412 3381 522; baseline 0.001 -27"><span class='ocrx_word' id='word_1_13' title='bbox 269 421 431 503; x_wconf 80' lang='lat' dir='ltr'><strong>tuis</strong></span> <span class='ocrx_word' id='word_1_14' title='bbox 478 417 942 522; x_wconf 85' lang='lat' dir='ltr'><strong>parentibus</strong></span> <span class='ocrx_word' id='word_1_15' title='bbox 995 413 1456 507; x_wconf 84' lang='lat' dir='ltr'><strong>ostendam,</strong></span> <span class='ocrx_word' id='word_1_16' title='bbox 1507 412 1737 515; x_wconf 87' lang='lat' dir='ltr'><strong>quod</strong></span> <span class='ocrx_word' id='word_1_17' title='bbox 1783 438 2275 516; x_wconf 86' lang='lat' dir='ltr'><strong>unaquaque</strong></span> <span class='ocrx_word' id='word_1_18' title='bbox 2322 424 2559 494; x_wconf 83' lang='lat' dir='ltr'><strong>nocte</strong></span> <span class='ocrx_word' id='word_1_19' title='bbox 2607 417 2892 495; x_wconf 82' lang='lat' dir='ltr'><strong>solitus</strong></span> <span class='ocrx_word' id='word_1_20' title='bbox 2943 444 3026 495; x_wconf 81' lang='lat' dir='ltr'><strong>es</strong></span> <span class='ocrx_word' id='word_1_21' title='bbox 3076 420 3288 498; x_wconf 82' lang='lat' dir='ltr'><strong>exire</strong></span> <span class='ocrx_word' id='word_1_22' title='bbox 3327 447 3381 499; x_wconf 77' lang='lat' dir='ltr'><strong>a</strong></span> 
     </span>
    </p>
   </div>
   <div class='ocr_carea' id='block_1_3' title="bbox 34 526 3470 627">
    <p class='ocr_par' dir='ltr' id='par_1_3' title="bbox 34 526 3470 627">
     <span class='ocr_line' id='line_1_4' title="bbox 34 526 3470 627; baseline 0.003 -28"><span class='ocrx_word' id='word_1_23' title='bbox 34 574 41 581; x_wconf 92' lang='lat'><strong>·</strong></span> <span class='ocrx_word' id='word_1_24' title='bbox 128 594 134 599; x_wconf 87' lang='lat'><strong>.</strong></span> <span class='ocrx_word' id='word_1_25' title='bbox 266 558 403 612; x_wconf 87' lang='lat' dir='ltr'><strong>me</strong></span> <span class='ocrx_word' id='word_1_26' title='bbox 464 534 581 613; x_wconf 82' lang='lat' dir='ltr'><strong>ita</strong></span> <span class='ocrx_word' id='word_1_27' title='bbox 655 530 970 620; x_wconf 77' lang='lat' dir='ltr'><strong>furtim,</strong></span> <span class='ocrx_word' id='word_1_28' title='bbox 1049 543 1128 606; x_wconf 89' lang='lat' dir='ltr'><strong>et</strong></span> <span class='ocrx_word' id='word_1_29' title='bbox 1198 530 1649 607; x_wconf 78' lang='lat' dir='ltr'><strong>meretrices</strong></span> <span class='ocrx_word' id='word_1_30' title='bbox 1712 527 1951 606; x_wconf 85' lang='lat' dir='ltr'><strong>adire.</strong></span> <span class='ocrx_word' id='word_1_31' title='bbox 1999 568 2102 583; x_wconf 95' lang='lat'><strong>—-</strong></span> <span class='ocrx_word' id='word_1_32' title='bbox 2159 531 2261 606; x_wconf 83' lang='lat' dir='ltr'><strong>Et</strong></span> <span class='ocrx_word' id='word_1_33' title='bbox 2321 530 2427 605; x_wconf 87' lang='lat' dir='ltr'><strong>ita</strong></span> <span class='ocrx_word' id='word_1_34' title='bbox 2494 532 2668 627; x_wconf 81' lang='lat' dir='ltr'><strong>egit.</strong></span> <span class='ocrx_word' id='word_1_35' title='bbox 2766 538 3139 610; x_wconf 75' lang='lat' dir='ltr'><strong>Parentes</strong></span> <span class='ocrx_word' id='word_1_36' title='bbox 3186 559 3379 611; x_wconf 75' lang='lat' dir='ltr'><strong>vero</strong></span> <span class='ocrx_word' id='word_1_37' title='bbox 3449 526 3470 535; x_wconf 63' lang='lat'>‘</span> 
     </span>
    </p>
   </div>
   <div class='ocr_carea' id='block_1_4' title="bbox 178 642 3382 2874">
    <p class='ocr_par' dir='ltr' id='par_1_4' title="bbox 178 642 3382 1433">
     <span class='ocr_line' id='line_1_5' title="bbox 264 642 3382 749; baseline 0 -24"><span class='ocrx_word' id='word_1_38' title='bbox 264 647 463 725; x_wconf 86' lang='lat' dir='ltr'><strong>haec</strong></span> <span class='ocrx_word' id='word_1_39' title='bbox 513 645 925 724; x_wconf 78' lang='lat' dir='ltr'><strong>audientes</strong></span> <span class='ocrx_word' id='word_1_40' title='bbox 978 658 1214 745; x_wconf 88' lang='lat' dir='ltr'><strong>atque</strong></span> <span class='ocrx_word' id='word_1_41' title='bbox 1262 668 1542 749; x_wconf 80' lang='lat' dir='ltr'><strong>verum</strong></span> <span class='ocrx_word' id='word_1_42' title='bbox 1596 642 2130 721; x_wconf 80' lang='lat' dir='ltr'><strong>existimantes</strong></span> <span class='ocrx_word' id='word_1_43' title='bbox 2182 666 2374 719; x_wconf 88' lang='lat' dir='ltr'><strong>eum</strong></span> <span class='ocrx_word' id='word_1_44' title='bbox 2423 643 3072 748; x_wconf 76' lang='lat' dir='ltr'><strong>increpaverunt3</strong></span> <span class='ocrx_word' id='word_1_45' title='bbox 3145 660 3228 724; x_wconf 83' lang='lat' dir='ltr'><strong>et</strong></span> <span class='ocrx_word' id='word_1_46' title='bbox 3272 647 3382 725; x_wconf 77' lang='lat' dir='ltr'><strong>ita</strong></span> 
     </span>
     <span class='ocr_line' id='line_1_6' title="bbox 264 754 3380 857; baseline 0 -20"><span class='ocrx_word' id='word_1_47' title='bbox 264 760 560 839; x_wconf 87' lang='lat' dir='ltr'><strong>mulier</strong></span> <span class='ocrx_word' id='word_1_48' title='bbox 605 761 739 837; x_wconf 86' lang='lat' dir='ltr'><strong>illa</strong></span> <span class='ocrx_word' id='word_1_49' title='bbox 788 759 1121 835; x_wconf 78' lang='lat' dir='ltr'><strong>liberata</strong></span> <span class='ocrx_word' id='word_1_50' title='bbox 1166 771 1328 835; x_wconf 87' lang='lat' dir='ltr'><strong>arte</strong></span> <span class='ocrx_word' id='word_1_51' title='bbox 1379 783 1522 849; x_wconf 76' lang='lat' dir='ltr'><strong>sua</strong></span> <span class='ocrx_word' id='word_1_52' title='bbox 1571 756 1967 854; x_wconf 87' lang='lat' dir='ltr'><strong>flagitium</strong></span> <span class='ocrx_word' id='word_1_53' title='bbox 2004 754 2228 857; x_wconf 89' lang='lat' dir='ltr'><strong>quod</strong></span> <span class='ocrx_word' id='word_1_54' title='bbox 2265 773 2669 834; x_wconf 87' lang='lat' dir='ltr'><strong>meruerat</strong></span> <span class='ocrx_word' id='word_1_55' title='bbox 2713 762 2799 835; x_wconf 91' lang='lat' dir='ltr'><strong>in</strong></span> <span class='ocrx_word' id='word_1_56' title='bbox 2837 761 3101 837; x_wconf 81' lang='lat' dir='ltr'><strong>virum</strong></span> <span class='ocrx_word' id='word_1_57' title='bbox 3135 782 3380 838; x_wconf 80' lang='lat' dir='ltr'><strong>suum</strong></span> 
     </span>
     <span class='ocr_line' id='line_1_7' title="bbox 262 869 3379 972; baseline -0 -21"><span class='ocrx_word' id='word_1_58' title='bbox 262 875 605 963; x_wconf 77' lang='lat' dir='ltr'><strong>retrusit,</strong></span> <span class='ocrx_word' id='word_1_59' title='bbox 657 874 784 953; x_wconf 86' lang='lat' dir='ltr'><strong>cui</strong></span> <span class='ocrx_word' id='word_1_60' title='bbox 817 872 1020 948; x_wconf 90' lang='lat' dir='ltr'><strong>nihil</strong></span> <span class='ocrx_word' id='word_1_61' title='bbox 1055 869 1379 972; x_wconf 85' lang='lat' dir='ltr'><strong>profuit,</strong></span> <span class='ocrx_word' id='word_1_62' title='bbox 1414 871 1673 947; x_wconf 87' lang='lat' dir='ltr'><strong>immo</strong></span> <span class='ocrx_word' id='word_1_63' title='bbox 1711 869 2432 949; x_wconf 77' lang='lat' dir='ltr'><strong>obfuit-mulierem</strong></span> <span class='ocrx_word' id='word_1_64' title='bbox 2470 872 2960 951; x_wconf 81' lang='lat' dir='ltr'><strong>custodiisse.</strong></span> <span class='ocrx_word' id='word_1_65' title='bbox 3020 878 3136 950; x_wconf 85' lang='lat'><strong>10.</strong></span> <span class='ocrx_word' id='word_1_66' title='bbox 3168 879 3379 957; x_wconf 78' lang='lat' dir='ltr'><strong>Nam</strong></span> 
     </span>
     <span class='ocr_line' id='line_1_8' title="bbox 178 983 3379 1088; baseline -0.001 -23"><span class='ocrx_word' id='word_1_67' title='bbox 178 1026 183 1035; x_wconf 93' lang='lat'><strong>·</strong></span> <span class='ocrx_word' id='word_1_68' title='bbox 263 987 395 1065; x_wconf 87' lang='lat' dir='ltr'><strong>isti</strong></span> <span class='ocrx_word' id='word_1_69' title='bbox 444 989 684 1067; x_wconf 88' lang='lat' dir='ltr'><strong>etiam</strong></span> <span class='ocrx_word' id='word_1_70' title='bbox 735 984 1017 1065; x_wconf 87' lang='lat' dir='ltr'><strong>accidit</strong></span> <span class='ocrx_word' id='word_1_71' title='bbox 1066 985 1441 1061; x_wconf 86' lang='lat' dir='ltr'><strong>cumulus</strong></span> <span class='ocrx_word' id='word_1_72' title='bbox 1489 985 1636 1060; x_wconf 87' lang='lat' dir='ltr'><strong>iste</strong></span> <span class='ocrx_word' id='word_1_73' title='bbox 1686 984 2052 1061; x_wconf 81' lang='lat' dir='ltr'><strong>miseriae</strong></span> <span class='ocrx_word' id='word_1_74' title='bbox 2087 983 2316 1085; x_wconf 87' lang='lat' dir='ltr'><strong>quod</strong></span> <span class='ocrx_word' id='word_1_75' title='bbox 2370 986 2944 1064; x_wconf 83' lang='lat' dir='ltr'><strong>existimatione</strong></span> <span class='ocrx_word' id='word_1_76' title='bbox 2987 987 3379 1088; x_wconf 54' lang='lat' dir='ltr'><strong>plurimo,</strong></span> 
     </span>
     <span class='ocr_line' id='line_1_9' title="bbox 228 1097 3379 1202; baseline -0.001 -21"><span class='ocrx_word' id='word_1_77' title='bbox 228 1126 469 1181; x_wconf 82' lang='lat' dir='ltr'><strong>-rum-</strong></span> <span class='ocrx_word' id='word_1_78' title='bbox 531 1098 758 1201; x_wconf 85' lang='lat' dir='ltr'><strong>quod</strong></span> <span class='ocrx_word' id='word_1_79' title='bbox 842 1097 1317 1199; x_wconf 81' lang='lat' dir='ltr'><strong>patiebatur.</strong></span> <span class='ocrx_word' id='word_1_80' title='bbox 1358 1098 1747 1179; x_wconf 80' lang='lat' dir='ltr'><strong>meruisse</strong></span> <span class='ocrx_word' id='word_1_81' title='bbox 1822 1097 2296 1175; x_wconf 83' lang='lat' dir='ltr'><strong>crederetur.</strong></span> <span class='ocrx_word' id='word_1_82' title='bbox 2409 1098 2649 1178; x_wconf 85' lang='lat' dir='ltr'><strong>Unde</strong></span> <span class='ocrx_word' id='word_1_83' title='bbox 2703 1101 3060 1202; x_wconf 74' lang='lat' dir='ltr'><strong>quidem</strong></span> <span class='ocrx_word' id='word_1_84' title='bbox 3139 1100 3379 1177; x_wconf 81' lang='lat' dir='ltr'><strong>bonis</strong></span> 
     </span>
     <span class='ocr_line' id='line_1_10' title="bbox 252 1209 3378 1317; baseline 0.001 -28"><span class='ocrx_word' id='word_1_85' title='bbox 252 1239 514 1317; x_wconf 19' lang='lat' dir='ltr'><strong>*quam</strong></span> <span class='ocrx_word' id='word_1_86' title='bbox 574 1213 938 1315; x_wconf 84' lang='lat' dir='ltr'><strong>pluribus</strong></span> <span class='ocrx_word' id='word_1_87' title='bbox 1002 1209 1314 1312; x_wconf 84' lang='lat' dir='ltr'><strong>pulsus,</strong></span> <span class='ocrx_word' id='word_1_88' title='bbox 1394 1209 1905 1308; x_wconf 82' lang='lat' dir='ltr'><strong>dignitatibus</strong></span> <span class='ocrx_word' id='word_1_89' title='bbox 1936 1225 2286 1301; x_wconf 82' lang='lat' dir='ltr'><strong>exutus,</strong></span> <span class='ocrx_word' id='word_1_90' title='bbox 2365 1213 2944 1295; x_wconf 82' lang='lat' dir='ltr'><strong>existimatione</strong></span> <span class='ocrx_word' id='word_1_91' title='bbox 2988 1212 3378 1303; x_wconf 67' lang='lat' dir='ltr'><strong>foedatus,</strong></span> 
     </span>
     <span class='ocr_line' id='line_1_11' title="bbox 266 1324 3372 1433; baseline -0.001 -29"><span class='ocrx_word' id='word_1_92' title='bbox 266 1326 696 1433; x_wconf 20' lang='lat' dir='ltr'><strong>obvuxoris</strong></span> <span class='ocrx_word' id='word_1_93' title='bbox 745 1325 1315 1424; x_wconf 81' lang='lat' dir='ltr'><strong>maliloquium</strong></span> <span class='ocrx_word' id='word_1_94' title='bbox 1364 1324 1605 1399; x_wconf 89' lang='lat' dir='ltr'><strong>etiam</strong></span> <span class='ocrx_word' id='word_1_95' title='bbox 1653 1325 2000 1402; x_wconf 87' lang='lat' dir='ltr'><strong>incestus</strong></span> <span class='ocrx_word' id='word_1_96' title='bbox 2050 1326 2233 1402; x_wconf 84' lang='lat' dir='ltr'><strong>tulit</strong></span> <span class='ocrx_word' id='word_1_97' title='bbox 2279 1326 2789 1428; x_wconf 65' lang='lat' dir='ltr'><strong>supplicium,</strong></span> <span class='ocrx_word' id='word_1_98' title='bbox 3361 1386 3372 1401; x_wconf 89' lang='lat'><strong>.</strong></span> 
     </span>
    </p>

    <p class='ocr_par' dir='ltr' id='par_1_5' title="bbox 257 1436 3377 2874">
     <span class='ocr_line' id='line_1_12' title="bbox 460 1436 3377 1539; baseline 0 -22"><span class='ocrx_word' id='word_1_99' title='bbox 460 1445 578 1519; x_wconf 88' lang='lat' dir='ltr'><strong>ll.</strong></span> <span class='ocrx_word' id='word_1_100' title='bbox 650 1436 1141 1538; x_wconf 85' lang='lat' dir='ltr'><strong>Discipulus:</strong></span> <span class='ocrx_word' id='word_1_101' title='bbox 1206 1441 1472 1515; x_wconf 89' lang='lat' dir='ltr'><strong>Nemo</strong></span> <span class='ocrx_word' id='word_1_102' title='bbox 1536 1451 1656 1515; x_wconf 85' lang='lat' dir='ltr'><strong>est</strong></span> <span class='ocrx_word' id='word_1_103' title='bbox 1705 1439 1844 1539; x_wconf 88' lang='lat' dir='ltr'><strong>qui</strong></span> <span class='ocrx_word' id='word_1_104' title='bbox 1899 1439 1997 1515; x_wconf 87' lang='lat' dir='ltr'><strong>ab</strong></span> <span class='ocrx_word' id='word_1_105' title='bbox 2047 1440 2374 1537; x_wconf 88' lang='lat' dir='ltr'><strong>ingenio</strong></span> <span class='ocrx_word' id='word_1_106' title='bbox 2426 1439 2786 1515; x_wconf 80' lang='lat' dir='ltr'><strong>mulieris</strong></span> <span class='ocrx_word' id='word_1_107' title='bbox 2833 1463 2922 1516; x_wconf 90' lang='lat' dir='ltr'><strong>se</strong></span> <span class='ocrx_word' id='word_1_108' title='bbox 2969 1437 3377 1535; x_wconf 78' lang='lat' dir='ltr'><strong>custodire</strong></span> 
     </span>
     <span class='ocr_line' id='line_1_13' title="bbox 260 1549 3372 1657; baseline -0.001 -25"><span class='ocrx_word' id='word_1_109' title='bbox 260 1555 533 1657; x_wconf 81' lang='lat' dir='ltr'><strong>possit,</strong></span> <span class='ocrx_word' id='word_1_110' title='bbox 583 1551 1034 1651; x_wconf 86' lang='lat' dir='ltr'><strong>nisi-quem</strong></span> <span class='ocrx_word' id='word_1_111' title='bbox 1083 1552 1303 1629; x_wconf 83' lang='lat' dir='ltr'><strong>Deus</strong></span> <span class='ocrx_word' id='word_1_112' title='bbox 1355 1549 1837 1630; x_wconf 86' lang='lat' dir='ltr'><strong>custodierit.</strong></span> <span class='ocrx_word' id='word_1_113' title='bbox 1918 1555 2021 1630; x_wconf 85' lang='lat' dir='ltr'><strong>Et</strong></span> <span class='ocrx_word' id='word_1_114' title='bbox 2067 1553 2264 1630; x_wconf 86' lang='lat' dir='ltr'><strong>haec</strong></span> <span class='ocrx_word' id='word_1_115' title='bbox 2311 1554 2501 1630; x_wconf 79' lang='lat' dir='ltr'><strong>talis</strong></span> <span class='ocrx_word' id='word_1_116' title='bbox 2536 1553 2882 1630; x_wconf 83' lang='lat' dir='ltr'><strong>narratio</strong></span> <span class='ocrx_word' id='word_1_117' title='bbox 2933 1578 3038 1630; x_wconf 89' lang='lat' dir='ltr'><strong>ne</strong></span> <span class='ocrx_word' id='word_1_118' title='bbox 3081 1553 3372 1631; x_wconf 84' lang='lat' dir='ltr'><strong>ducam</strong></span> 
     </span>
     <span class='ocr_line' id='line_1_14' title="bbox 260 1662 3375 1763; baseline -0 -19"><span class='ocrx_word' id='word_1_119' title='bbox 260 1693 609 1751; x_wconf 72' lang='lat' dir='ltr'><strong>uxorem</strong></span> <span class='ocrx_word' id='word_1_120' title='bbox 640 1687 937 1762; x_wconf 84' lang='lat' dir='ltr'><strong>magna</strong></span> <span class='ocrx_word' id='word_1_121' title='bbox 987 1677 1103 1743; x_wconf 86' lang='lat' dir='ltr'><strong>est</strong></span> <span class='ocrx_word' id='word_1_122' title='bbox 1153 1662 1625 1743; x_wconf 85' lang='lat' dir='ltr'><strong>dehortatio.</strong></span> <span class='ocrx_word' id='word_1_123' title='bbox 1670 1708 1774 1724; x_wconf 88' lang='lat'><strong>--</strong></span> <span class='ocrx_word' id='word_1_124' title='bbox 1819 1666 2226 1763; x_wconf 82' lang='lat' dir='ltr'><strong>Magister:</strong></span> <span class='ocrx_word' id='word_1_125' title='bbox 2284 1673 2472 1744; x_wconf 85' lang='lat' dir='ltr'><strong>Non</strong></span> <span class='ocrx_word' id='word_1_126' title='bbox 2537 1666 2782 1743; x_wconf 89' lang='lat' dir='ltr'><strong>debes</strong></span> <span class='ocrx_word' id='word_1_127' title='bbox 2834 1684 3118 1743; x_wconf 78' lang='lat' dir='ltr'><strong>omnes</strong></span> <span class='ocrx_word' id='word_1_128' title='bbox 3182 1666 3375 1745; x_wconf 77' lang='lat' dir='ltr'><strong>tales</strong></span> 
     </span>
     <span class='ocr_line' id='line_1_15' title="bbox 258 1777 3377 1880; baseline -0.002 -19"><span class='ocrx_word' id='word_1_129' title='bbox 258 1779 591 1863; x_wconf 79' lang='lat' dir='ltr'><strong>credere</strong></span> <span class='ocrx_word' id='word_1_130' title='bbox 638 1778 1015 1859; x_wconf 83' lang='lat' dir='ltr'><strong>mulieres</strong></span> <span class='ocrx_word' id='word_1_131' title='bbox 1067 1800 1254 1855; x_wconf 86' lang='lat' dir='ltr'><strong>esse.</strong></span> <span class='ocrx_word' id='word_1_132' title='bbox 1338 1778 1795 1871; x_wconf 79' lang='lat' dir='ltr'><strong>Quoniam.</strong></span> <span class='ocrx_word' id='word_1_133' title='bbox 1835 1781 2139 1856; x_wconf 85' lang='lat' dir='ltr'><strong>castitas</strong></span> <span class='ocrx_word' id='word_1_134' title='bbox 2203 1793 2280 1856; x_wconf 87' lang='lat' dir='ltr'><strong>et</strong></span> <span class='ocrx_word' id='word_1_135' title='bbox 2326 1777 2616 1880; x_wconf 84' lang='lat' dir='ltr'><strong>mag‘na</strong></span> <span class='ocrx_word' id='word_1_136' title='bbox 2662 1782 2980 1857; x_wconf 89' lang='lat' dir='ltr'><strong>bonitas</strong></span> <span class='ocrx_word' id='word_1_137' title='bbox 3027 1780 3113 1856; x_wconf 89' lang='lat' dir='ltr'><strong>in</strong></span> <span class='ocrx_word' id='word_1_138' title='bbox 3165 1780 3377 1855; x_wconf 68' lang='lat' dir='ltr'><strong>mul-</strong></span> 
     </span>
     <span class='ocr_line' id='line_1_16' title="bbox 259 1882 3375 1996; baseline -0.001 -24"><span class='ocrx_word' id='word_1_139' title='bbox 259 1895 365 1972; x_wconf 80' lang='lat' dir='ltr'><strong>tis</strong></span> <span class='ocrx_word' id='word_1_140' title='bbox 411 1892 822 1996; x_wconf 79' lang='lat' dir='ltr'><strong>reperitur.</strong></span> <span class='ocrx_word' id='word_1_141' title='bbox 918 1895 1021 1969; x_wconf 85' lang='lat' dir='ltr'><strong>Et</strong></span> <span class='ocrx_word' id='word_1_142' title='bbox 1078 1889 1275 1965; x_wconf 85' lang='lat' dir='ltr'><strong>scias</strong></span> <span class='ocrx_word' id='word_1_143' title='bbox 1337 1890 1425 1965; x_wconf 90' lang='lat' dir='ltr'><strong>in</strong></span> <span class='ocrx_word' id='word_1_144' title='bbox 1489 1892 1704 1968; x_wconf 84' lang='lat' dir='ltr'><strong>bona</strong></span> <span class='ocrx_word' id='word_1_145' title='bbox 1764 1893 2106 1969; x_wconf 88' lang='lat' dir='ltr'><strong>muliere</strong></span> <span class='ocrx_word' id='word_1_146' title='bbox 2166 1893 2470 1969; x_wconf 87' lang='lat' dir='ltr'><strong>honam</strong></span> <span class='ocrx_word' id='word_1_147' title='bbox 2517 1894 2994 1971; x_wconf 74' lang='lat' dir='ltr'><strong>,societatem</strong></span> <span class='ocrx_word' id='word_1_148' title='bbox 3044 1882 3375 1996; x_wconf 71' lang='lat' dir='ltr'><strong>reperiri</strong></span> 
     </span>
     <span class='ocr_line' id='line_1_17' title="bbox 259 2002 3374 2110; baseline -0.003 -21"><span class='ocrx_word' id='word_1_149' title='bbox 259 2032 517 2110; x_wconf 87' lang='lat' dir='ltr'><strong>posse.</strong></span> <span class='ocrx_word' id='word_1_150' title='bbox 602 2010 717 2083; x_wconf 84' lang='lat'><strong>12.</strong></span> <span class='ocrx_word' id='word_1_151' title='bbox 776 2009 1000 2082; x_wconf 81' lang='lat' dir='ltr'><strong>Bona</strong></span> <span class='ocrx_word' id='word_1_152' title='bbox 1049 2003 1344 2081; x_wconf 89' lang='lat' dir='ltr'><strong>mulier</strong></span> <span class='ocrx_word' id='word_1_153' title='bbox 1391 2002 1653 2080; x_wconf 87' lang='lat' dir='ltr'><strong>fidelis</strong></span> <span class='ocrx_word' id='word_1_154' title='bbox 1705 2019 1971 2082; x_wconf 88' lang='lat' dir='ltr'><strong>custos</strong></span> <span class='ocrx_word' id='word_1_155' title='bbox 2026 2020 2142 2082; x_wconf 91' lang='lat' dir='ltr'><strong>est</strong></span> <span class='ocrx_word' id='word_1_156' title='bbox 2191 2020 2267 2083; x_wconf 87' lang='lat' dir='ltr'><strong>et</strong></span> <span class='ocrx_word' id='word_1_157' title='bbox 2313 2008 2532 2086; x_wconf 80' lang='lat' dir='ltr'><strong>bona</strong></span> <span class='ocrx_word' id='word_1_158' title='bbox 2585 2006 2904 2082; x_wconf 73' lang='lat' dir='ltr'><strong>domus,</strong></span> <span class='ocrx_word' id='word_1_159' title='bbox 2983 2007 3374 2082; x_wconf 89' lang='lat' dir='ltr'><strong>Salomon</strong></span> 
     </span>
     <span class='ocr_line' id='line_1_18' title="bbox 260 2116 3373 2216; baseline -0.002 -15"><span class='ocrx_word' id='word_1_160' title='bbox 260 2122 348 2202; x_wconf 87' lang='lat' dir='ltr'><strong>in</strong></span> <span class='ocrx_word' id='word_1_161' title='bbox 420 2119 586 2197; x_wconf 89' lang='lat' dir='ltr'><strong>fine</strong></span> <span class='ocrx_word' id='word_1_162' title='bbox 656 2119 838 2195; x_wconf 85' lang='lat' dir='ltr'><strong>libri</strong></span> <span class='ocrx_word' id='word_1_163' title='bbox 902 2117 1530 2195; x_wconf 80' lang='lat' dir='ltr'><strong>Proverhiorum</strong></span> <span class='ocrx_word' id='word_1_164' title='bbox 1616 2142 1959 2194; x_wconf 89' lang='lat' dir='ltr'><strong>suorum</strong></span> <span class='ocrx_word' id='word_1_165' title='bbox 2033 2120 2307 2216; x_wconf 87' lang='lat' dir='ltr'><strong>viginti</strong></span> <span class='ocrx_word' id='word_1_166' title='bbox 2386 2118 2553 2194; x_wconf 84' lang='lat' dir='ltr'><strong>duo</strong></span> <span class='ocrx_word' id='word_1_167' title='bbox 2625 2143 2898 2195; x_wconf 80' lang='lat' dir='ltr'><strong>versus</strong></span> <span class='ocrx_word' id='word_1_168' title='bbox 2968 2118 3071 2194; x_wconf 90' lang='lat' dir='ltr'><strong>de</strong></span> <span class='ocrx_word' id='word_1_169' title='bbox 3134 2116 3373 2200; x_wconf 87' lang='lat' dir='ltr'><strong>laude</strong></span> 
     </span>
     <span class='ocr_line' id='line_1_19' title="bbox 263 2230 3372 2337; baseline -0.003 -20"><span class='ocrx_word' id='word_1_170' title='bbox 263 2249 501 2337; x_wconf 79' lang='lat' dir='ltr'><strong>atque</strong></span> <span class='ocrx_word' id='word_1_171' title='bbox 573 2232 930 2310; x_wconf 85' lang='lat' dir='ltr'><strong>bonitate</strong></span> <span class='ocrx_word' id='word_1_172' title='bbox 992 2230 1257 2307; x_wconf 86' lang='lat' dir='ltr'><strong>bonae</strong></span> <span class='ocrx_word' id='word_1_173' title='bbox 1320 2230 1680 2307; x_wconf 85' lang='lat' dir='ltr'><strong>mulieris</strong></span> <span class='ocrx_word' id='word_1_174' title='bbox 1745 2233 2223 2333; x_wconf 86' lang='lat' dir='ltr'><strong>composuit.</strong></span> <span class='ocrx_word' id='word_1_175' title='bbox 2284 2273 2388 2289; x_wconf 88' lang='lat'><strong>·-</strong></span> <span class='ocrx_word' id='word_1_176' title='bbox 2447 2231 2907 2335; x_wconf 87' lang='lat' dir='ltr'><strong>Discipulus</strong></span> <span class='ocrx_word' id='word_1_177' title='bbox 2974 2230 3071 2308; x_wconf 82' lang='lat' dir='ltr'><strong>ad</strong></span> <span class='ocrx_word' id='word_1_178' title='bbox 3138 2230 3372 2309; x_wconf 71' lang='lat' dir='ltr'><strong>haec-z</strong></span> 
     </span>
     <span class='ocr_line' id='line_1_20' title="bbox 259 2342 3369 2447; baseline -0.005 -17"><span class='ocrx_word' id='word_1_179' title='bbox 259 2353 474 2430; x_wconf 86' lang='lat' dir='ltr'><strong>Bene</strong></span> <span class='ocrx_word' id='word_1_180' title='bbox 521 2370 661 2426; x_wconf 88' lang='lat' dir='ltr'><strong>me</strong></span> <span class='ocrx_word' id='word_1_181' title='bbox 707 2345 1191 2422; x_wconf 73' lang='lat' dir='ltr'><strong>confortasti.</strong></span> <span class='ocrx_word' id='word_1_182' title='bbox 1294 2342 1455 2421; x_wconf 90' lang='lat' dir='ltr'><strong>Sed</strong></span> <span class='ocrx_word' id='word_1_183' title='bbox 1506 2346 1798 2422; x_wconf 86' lang='lat' dir='ltr'><strong>audisti</strong></span> <span class='ocrx_word' id='word_1_184' title='bbox 1851 2346 2207 2447; x_wconf 86' lang='lat' dir='ltr'><strong>aliquam</strong></span> <span class='ocrx_word' id='word_1_185' title='bbox 2256 2348 2702 2434; x_wconf 89' lang='lat' dir='ltr'><strong>mulierem,</strong></span> <span class='ocrx_word' id='word_1_186' title='bbox 2755 2369 2962 2447; x_wconf 85' lang='lat' dir='ltr'><strong>quae</strong></span> <span class='ocrx_word' id='word_1_187' title='bbox 3015 2344 3138 2421; x_wconf 90' lang='lat' dir='ltr'><strong>sui</strong></span> <span class='ocrx_word' id='word_1_188' title='bbox 3193 2361 3369 2422; x_wconf 75' lang='lat' dir='ltr'><strong>sen..</strong></span> 
     </span>
     <span class='ocr_line' id='line_1_21' title="bbox 261 2451 3370 2566; baseline -0.003 -26"><span class='ocrx_word' id='word_1_189' title='bbox 261 2486 397 2542; x_wconf 78' lang='lat' dir='ltr'><strong>sus</strong></span> <span class='ocrx_word' id='word_1_190' title='bbox 486 2451 811 2558; x_wconf 80' lang='lat' dir='ltr'><strong>ingenio</strong></span> <span class='ocrx_word' id='word_1_191' title='bbox 903 2457 1287 2536; x_wconf 77' lang='lat' dir='ltr'><strong>niteretur</strong></span> <span class='ocrx_word' id='word_1_192' title='bbox 1388 2459 1506 2566; x_wconf 83' lang='lat' dir='ltr'><strong>uti</strong></span> <span class='ocrx_word' id='word_1_193' title='bbox 1597 2461 1685 2535; x_wconf 82' lang='lat' dir='ltr'><strong>in</strong></span> <span class='ocrx_word' id='word_1_194' title='bbox 1775 2461 2138 2537; x_wconf 79' lang='lat' dir='ltr'><strong>bonum?</strong></span> <span class='ocrx_word' id='word_1_195' title='bbox 2211 2501 2312 2518; x_wconf 85' lang='lat'><strong>--</strong></span> <span class='ocrx_word' id='word_1_196' title='bbox 2394 2460 2800 2558; x_wconf 82' lang='lat' dir='ltr'><strong>Magister:</strong></span> <span class='ocrx_word' id='word_1_197' title='bbox 2887 2458 3199 2536; x_wconf 86' lang='lat' dir='ltr'><strong>Audivi.</strong></span> <span class='ocrx_word' id='word_1_198' title='bbox 3274 2493 3370 2518; x_wconf 65' lang='grc' dir='ltr'><strong>-ο</strong></span> 
     </span>
     <span class='ocr_line' id='line_1_22' title="bbox 258 2569 3374 2676; baseline -0.004 -20"><span class='ocrx_word' id='word_1_199' title='bbox 258 2573 754 2675; x_wconf 72' lang='lat' dir='ltr'><strong>Discipulusz</strong></span> <span class='ocrx_word' id='word_1_200' title='bbox 833 2571 1077 2652; x_wconf 85' lang='lat' dir='ltr'><strong>Refer</strong></span> <span class='ocrx_word' id='word_1_201' title='bbox 1146 2569 1353 2648; x_wconf 91' lang='lat' dir='ltr'><strong>mihi</strong></span> <span class='ocrx_word' id='word_1_202' title='bbox 1434 2570 1537 2648; x_wconf 84' lang='lat' dir='ltr'><strong>de</strong></span> <span class='ocrx_word' id='word_1_203' title='bbox 1596 2571 1780 2663; x_wconf 86' lang='lat' dir='ltr'><strong>·illa;</strong></span> <span class='ocrx_word' id='word_1_204' title='bbox 1855 2575 2046 2676; x_wconf 82' lang='lat' dir='ltr'><strong>quia</strong></span> <span class='ocrx_word' id='word_1_205' title='bbox 2117 2573 2434 2652; x_wconf 83' lang='lat' dir='ltr'><strong>videtur</strong></span> <span class='ocrx_word' id='word_1_206' title='bbox 2503 2573 2708 2649; x_wconf 89' lang='lat' dir='ltr'><strong>mihi</strong></span> <span class='ocrx_word' id='word_1_207' title='bbox 2779 2587 2907 2650; x_wconf 84' lang='lat' dir='ltr'><strong>res</strong></span> <span class='ocrx_word' id='word_1_208' title='bbox 2968 2573 3199 2649; x_wconf 64' lang='lat' dir='ltr'><strong>novass</strong></span> <span class='ocrx_word' id='word_1_209' title='bbox 3270 2577 3374 2642; x_wconf 64' lang='grc'><strong>-4-</strong></span> 
     </span>
     <span class='ocr_line' id='line_1_23' title="bbox 257 2687 3366 2786; baseline -0.004 -16"><span class='ocrx_word' id='word_1_210' title='bbox 257 2687 660 2786; x_wconf 64' lang='lat' dir='ltr'><strong>Megisten</strong></span> <span class='ocrx_word' id='word_1_211' title='bbox 3153 2709 3160 2714; x_wconf 94' lang='lat'>·</span> <span class='ocrx_word' id='word_1_212' title='bbox 3357 2713 3366 2726; x_wconf 92' lang='lat'>·</span> 
     </span>
     <span class='ocr_line' id='line_1_24' title="bbox 270 2841 287 2874; baseline 0 0"><span class='ocrx_word' id='word_1_213' title='bbox 270 2841 287 2874; x_wconf 71' lang='lat' dir='ltr'>f</span> 
     </span>
    </p>
   </div>
   <div class='ocr_carea' id='block_1_5' title="bbox 1683 2863 1937 2962">
    <p class='ocr_par' dir='ltr' id='par_1_6' title="bbox 1683 2863 1937 2962">
     <span class='ocr_line' id='line_1_25' title="bbox 1683 2863 1937 2962; baseline 0.008 -3"><span class='ocrx_word' id='word_1_214' title='bbox 1683 2863 1937 2962; x_wconf 90' lang='lat' dir='ltr'><strong>XVI.</strong></span> 
     </span>
    </p>
   </div>
   <div class='ocr_carea' id='block_1_6' title="bbox 234 3027 3374 4277">
    <p class='ocr_par' dir='ltr' id='par_1_7' title="bbox 234 3027 3374 4277">
     <span class='ocr_line' id='line_1_26' title="bbox 452 3027 3370 3140; baseline -0.002 -28"><span class='ocrx_word' id='word_1_215' title='bbox 452 3040 523 3112; x_wconf 90' lang='lat'><strong>1.</strong></span> <span class='ocrx_word' id='word_1_216' title='bbox 603 3034 931 3110; x_wconf 87' lang='lat' dir='ltr'><strong>Dictum</strong></span> <span class='ocrx_word' id='word_1_217' title='bbox 992 3033 1191 3109; x_wconf 88' lang='lat' dir='ltr'><strong>mihi</strong></span> <span class='ocrx_word' id='word_1_218' title='bbox 1234 3032 1419 3111; x_wconf 76' lang='lat' dir='ltr'><strong>¹fuit</strong></span> <span class='ocrx_word' id='word_1_219' title='bbox 1481 3034 1707 3139; x_wconf 87' lang='lat' dir='ltr'><strong>quod</strong></span> <span class='ocrx_word' id='word_1_220' title='bbox 1774 3036 2109 3140; x_wconf 84' lang='lat' dir='ltr'><strong>quidam</strong></span> <span class='ocrx_word' id='word_1_221' title='bbox 2158 3037 2558 3139; x_wconf 87' lang='lat' dir='ltr'><strong>Hispanus</strong></span> <span class='ocrx_word' id='word_1_222' title='bbox 2605 3034 2947 3136; x_wconf 84' lang='lat' dir='ltr'><strong>perrexit</strong></span> <span class='ocrx_word' id='word_1_223' title='bbox 2992 3027 3370 3121; x_wconf 53' lang='lat' dir='ltr'><strong>Meccamf·</strong></span> 
     </span>
     <span class='ocr_line' id='line_1_27' title="bbox 260 3141 3374 3250; baseline -0.003 -21"><span class='ocrx_word' id='word_1_224' title='bbox 260 3164 342 3230; x_wconf 75' lang='lat' dir='ltr'><strong>et</strong></span> <span class='ocrx_word' id='word_1_225' title='bbox 389 3147 789 3226; x_wconf 84' lang='lat' dir='ltr'><strong>dum&#39;iret</strong></span> <span class='ocrx_word' id='word_1_226' title='bbox 836 3149 1184 3225; x_wconf 73' lang='lat' dir='ltr'><strong>venitin</strong></span> <span class='ocrx_word' id='word_1_227' title='bbox 1232 3151 1701 3250; x_wconf 76' lang='lat' dir='ltr'><strong>Aegyptum.</strong></span> <span class='ocrx_word' id='word_1_228' title='bbox 1804 3151 1963 3247; x_wconf 82' lang='lat' dir='ltr'><strong>Qui</strong></span> <span class='ocrx_word' id='word_1_229' title='bbox 2037 3150 2342 3230; x_wconf 85' lang='lat' dir='ltr'><strong>deserta</strong></span> <span class='ocrx_word' id='word_1_230' title='bbox 2413 3165 2667 3227; x_wconf 80' lang='lat' dir='ltr'><strong>terrae</strong></span> <span class='ocrx_word' id='word_1_231' title='bbox 2727 3151 3022 3225; x_wconf 77' lang='lat' dir='ltr'><strong>intrare</strong></span> <span class='ocrx_word' id='word_1_232' title='bbox 3089 3141 3374 3223; x_wconf 81' lang='lat' dir='ltr'><strong>volens‘</strong></span> 
     </span>
     <span class='ocr_line' id='line_1_28' title="bbox 234 3261 3370 3365; baseline -0.004 -21"><span class='ocrx_word' id='word_1_233' title='bbox 234 3278 338 3344; x_wconf 61' lang='lat' dir='ltr'><strong>»et</strong></span> <span class='ocrx_word' id='word_1_234' title='bbox 382 3263 732 3352; x_wconf 77' lang='lat' dir='ltr'><strong>transire,</strong></span> <span class='ocrx_word' id='word_1_235' title='bbox 785 3263 1156 3361; x_wconf 77' lang='lat' dir='ltr'><strong>cogitavit</strong></span> <span class='ocrx_word' id='word_1_236' title='bbox 1205 3263 1471 3365; x_wconf 64' lang='lat' dir='ltr'><strong>quod2</strong></span> <span class='ocrx_word' id='word_1_237' title='bbox 1482 3265 1907 3365; x_wconf 83' lang='lat' dir='ltr'><strong>pecuniam</strong></span> <span class='ocrx_word' id='word_1_238' title='bbox 1958 3261 2188 3343; x_wconf 78' lang='lat' dir='ltr'><strong>suam</strong></span> <span class='ocrx_word' id='word_1_239' title='bbox 2237 3267 2322 3341; x_wconf 88' lang='lat' dir='ltr'><strong>in</strong></span> <span class='ocrx_word' id='word_1_240' title='bbox 2374 3268 2730 3365; x_wconf 83' lang='lat' dir='ltr'><strong>Aegypto</strong></span> <span class='ocrx_word' id='word_1_241' title='bbox 2779 3261 3232 3348; x_wconf 80' lang='lat' dir='ltr'><strong>dimitteret,</strong></span> <span class='ocrx_word' id='word_1_242' title='bbox 3291 3269 3370 3334; x_wconf 81' lang='lat' dir='ltr'><strong>et</strong></span> 
     </span>
     <span class='ocr_line' id='line_1_29' title="bbox 258 3369 3372 3479; baseline -0.003 -24"><span class='ocrx_word' id='word_1_243' title='bbox 258 3391 705 3479; x_wconf 69' lang='lat' dir='ltr'><strong>antequam.</strong></span> <span class='ocrx_word' id='word_1_244' title='bbox 754 3375 1175 3452; x_wconf 83' lang='lat' dir='ltr'><strong>dimittere·</strong></span> <span class='ocrx_word' id='word_1_245' title='bbox 1211 3377 1623 3467; x_wconf 73' lang='lat' dir='ltr'><strong>voluisset,</strong></span> <span class='ocrx_word' id='word_1_246' title='bbox 1696 3381 2211 3479; x_wconf 82' lang='lat' dir='ltr'><strong>interrogavit</strong></span> <span class='ocrx_word' id='word_1_247' title='bbox 2281 3377 2348 3454; x_wconf 84' lang='lat' dir='ltr'><strong>si</strong></span> <span class='ocrx_word' id='word_1_248' title='bbox 2424 3376 2710 3479; x_wconf 79' lang='lat' dir='ltr'><strong>aliquis</strong></span> <span class='ocrx_word' id='word_1_249' title='bbox 2779 3374 3044 3450; x_wconf 88' lang='lat' dir='ltr'><strong>homo</strong></span> <span class='ocrx_word' id='word_1_250' title='bbox 3107 3369 3372 3446; x_wconf 76' lang='lat' dir='ltr'><strong>fidelis</strong></span> 
     </span>
     <span class='ocr_line' id='line_1_30' title="bbox 258 3477 3369 3595; baseline -0.003 -27"><span class='ocrx_word' id='word_1_251' title='bbox 258 3503 464 3568; x_wconf 77' lang='lat' dir='ltr'><strong>esset</strong></span> <span class='ocrx_word' id='word_1_252' title='bbox 518 3490 627 3565; x_wconf 89' lang='lat' dir='ltr'><strong>in·</strong></span> <span class='ocrx_word' id='word_1_253' title='bbox 664 3489 797 3566; x_wconf 88' lang='lat' dir='ltr'><strong>illa</strong></span> <span class='ocrx_word' id='word_1_254' title='bbox 861 3489 1224 3590; x_wconf 84' lang='lat' dir='ltr'><strong>regione,</strong></span> <span class='ocrx_word' id='word_1_255' title='bbox 1304 3491 1461 3568; x_wconf 84' lang='lat' dir='ltr'><strong>cui=</strong></span> <span class='ocrx_word' id='word_1_256' title='bbox 1490 3506 1775 3593; x_wconf 80' lang='lat' dir='ltr'><strong>posset</strong></span> <span class='ocrx_word' id='word_1_257' title='bbox 1833 3485 2262 3595; x_wconf 81' lang='lat' dir='ltr'><strong>pecuniam</strong></span> <span class='ocrx_word' id='word_1_258' title='bbox 2321 3513 2553 3569; x_wconf 85' lang='lat' dir='ltr'><strong>suam</strong></span> <span class='ocrx_word' id='word_1_259' title='bbox 2619 3488 3034 3564; x_wconf 81' lang='lat' dir='ltr'><strong>dimittere.</strong></span> <span class='ocrx_word' id='word_1_260' title='bbox 3085 3477 3104 3484; x_wconf 69' lang='grc'><strong><em>’</em></strong></span> <span class='ocrx_word' id='word_1_261' title='bbox 3135 3479 3369 3561; x_wconf 74' lang='lat' dir='ltr'><strong>&#39;runo&#39;</strong></span> 
     </span>
     <span class='ocr_line' id='line_1_31' title="bbox 258 3593 3366 3708; baseline -0.003 -26"><span class='ocrx_word' id='word_1_262' title='bbox 258 3601 786 3682; x_wconf 85' lang='lat' dir='ltr'><strong>ostenderunt</strong></span> <span class='ocrx_word' id='word_1_263' title='bbox 835 3604 905 3679; x_wconf 90' lang='lat' dir='ltr'><strong>ei</strong></span> <span class='ocrx_word' id='word_1_264' title='bbox 955 3605 1377 3682; x_wconf 87' lang='lat' dir='ltr'><strong>hominem</strong></span> <span class='ocrx_word' id='word_1_265' title='bbox 1429 3606 1849 3708; x_wconf 73' lang='lat' dir='ltr'><strong>antiquum</strong></span> <span class='ocrx_word' id='word_1_266' title='bbox 1902 3620 2271 3684; x_wconf 85' lang='lat' dir='ltr'><strong>notatum</strong></span> <span class='ocrx_word' id='word_1_267' title='bbox 2320 3597 2717 3706; x_wconf 76' lang='lat' dir='ltr'><strong>probitate</strong></span> <span class='ocrx_word' id='word_1_268' title='bbox 2763 3593 3184 3687; x_wconf 82' lang='lat' dir='ltr'><strong>fidelitatis,</strong></span> <span class='ocrx_word' id='word_1_269' title='bbox 3221 3596 3366 3674; x_wconf 80' lang='lat' dir='ltr'><strong>-cui</strong></span> 
     </span>
     <span class='ocr_line' id='line_1_32' title="bbox 258 3705 3370 3821; baseline -0.002 -26"><span class='ocrx_word' id='word_1_270' title='bbox 258 3715 362 3795; x_wconf 86' lang='lat' dir='ltr'><strong>de</strong></span> <span class='ocrx_word' id='word_1_271' title='bbox 425 3715 865 3794; x_wconf 54' lang='lat' dir='ltr'><strong>suo·‘mille</strong></span> <span class='ocrx_word' id='word_1_272' title='bbox 924 3718 1219 3795; x_wconf 80' lang='lat' dir='ltr'><strong>talenta</strong></span> <span class='ocrx_word' id='word_1_273' title='bbox 1285 3720 1705 3797; x_wconf 78' lang='lat' dir='ltr'><strong>commisit.</strong></span> <span class='ocrx_word' id='word_1_274' title='bbox 1805 3711 2117 3798; x_wconf 84' lang='lat' dir='ltr'><strong>Deinde</strong></span> <span class='ocrx_word' id='word_1_275' title='bbox 2161 3717 2541 3821; x_wconf 80' lang='lat' dir='ltr'><strong>perrexit.</strong></span> <span class='ocrx_word' id='word_1_276' title='bbox 2634 3716 2706 3789; x_wconf 83' lang='lat'><strong>2.</strong></span> <span class='ocrx_word' id='word_1_277' title='bbox 2777 3715 3180 3812; x_wconf 81' lang='lat' dir='ltr'><strong>Factoque</strong></span> <span class='ocrx_word' id='word_1_278' title='bbox 3241 3705 3370 3788; x_wconf 71' lang='lat' dir='ltr'><strong>iti-³</strong></span> 
     </span>
     <span class='ocr_line' id='line_1_33' title="bbox 253 3823 3368 3934; baseline -0.002 -27"><span class='ocrx_word' id='word_1_279' title='bbox 253 3854 451 3910; x_wconf 83' lang='lat' dir='ltr'><strong>nere</strong></span> <span class='ocrx_word' id='word_1_280' title='bbox 514 3831 616 3908; x_wconf 84' lang='lat' dir='ltr'><strong>ad</strong></span> <span class='ocrx_word' id='word_1_281' title='bbox 666 3829 901 3905; x_wconf 86' lang='lat' dir='ltr'><strong>illum</strong></span> <span class='ocrx_word' id='word_1_282' title='bbox 946 3831 1188 3907; x_wconf 86' lang='lat' dir='ltr'><strong>rediit</strong></span> <span class='ocrx_word' id='word_1_283' title='bbox 1234 3833 1362 3908; x_wconf 89' lang='lat' dir='ltr'><strong>cui</strong></span> <span class='ocrx_word' id='word_1_284' title='bbox 1427 3835 1855 3934; x_wconf 86' lang='lat' dir='ltr'><strong>pecuniam</strong></span> <span class='ocrx_word' id='word_1_285' title='bbox 1918 3832 2357 3919; x_wconf 80' lang='lat' dir='ltr'><strong>commisit,</strong></span> <span class='ocrx_word' id='word_1_286' title='bbox 2423 3843 2502 3908; x_wconf 83' lang='lat' dir='ltr'><strong>et</strong></span> <span class='ocrx_word' id='word_1_287' title='bbox 2563 3823 2791 3929; x_wconf 87' lang='lat' dir='ltr'><strong>quod</strong></span> <span class='ocrx_word' id='word_1_288' title='bbox 2845 3827 3368 3904; x_wconf 74' lang='lat' dir='ltr'><strong>:commiserat</strong></span> 
     </span>
     <span class='ocr_line' id='line_1_34' title="bbox 257 3931 3364 4052; baseline -0.001 -32"><span class='ocrx_word' id='word_1_289' title='bbox 257 3943 357 4020; x_wconf 82' lang='lat' dir='ltr'><strong>ab</strong></span> <span class='ocrx_word' id='word_1_290' title='bbox 410 3967 509 4020; x_wconf 83' lang='lat' dir='ltr'><strong>eo</strong></span> <span class='ocrx_word' id='word_1_291' title='bbox 552 3943 969 4045; x_wconf 78' lang='lat' dir='ltr'><strong>quaesivit.</strong></span> <span class='ocrx_word' id='word_1_292' title='bbox 1065 3948 1166 4022; x_wconf 81' lang='lat' dir='ltr'><strong>At</strong></span> <span class='ocrx_word' id='word_1_293' title='bbox 1213 3944 1380 4035; x_wconf 87' lang='lat' dir='ltr'><strong>ille,</strong></span> <span class='ocrx_word' id='word_1_294' title='bbox 1430 3947 1718 4049; x_wconf 83' lang='lat' dir='ltr'><strong>plenus</strong></span> <span class='ocrx_word' id='word_1_295' title='bbox 1767 3949 2153 4051; x_wconf 74' lang='lat' dir='ltr'><strong>nequitia,</strong></span> <span class='ocrx_word' id='word_1_296' title='bbox 2217 3937 2447 4022; x_wconf 84' lang='lat' dir='ltr'><strong>illum</strong></span> <span class='ocrx_word' id='word_1_297' title='bbox 2499 3933 2951 4052; x_wconf 51' lang='lat' dir='ltr'><strong>numquam</strong></span> <span class='ocrx_word' id='word_1_298' title='bbox 3001 3953 3229 4018; x_wconf 78' lang='lat' dir='ltr'><strong>antea</strong></span> <span class='ocrx_word' id='word_1_299' title='bbox 3280 3931 3364 4017; x_wconf 59' lang='lat' dir='ltr'><strong>se‘</strong></span> 
     </span>
     <span class='ocr_line' id='line_1_35' title="bbox 251 4053 3366 4166; baseline -0 -35"><span class='ocrx_word' id='word_1_300' title='bbox 251 4055 544 4134; x_wconf 74' lang='lat' dir='ltr'><strong>vidisse</strong></span> <span class='ocrx_word' id='word_1_301' title='bbox 596 4057 967 4136; x_wconf 67' lang='lat' dir='ltr'><strong>dicebat·</strong></span> <span class='ocrx_word' id='word_1_302' title='bbox 1021 4057 1163 4136; x_wconf 89' lang='lat' dir='ltr'><strong>Ille</strong></span> <span class='ocrx_word' id='word_1_303' title='bbox 1222 4083 1426 4150; x_wconf 54' lang='lat' dir='ltr'><strong>wem,</strong></span> <span class='ocrx_word' id='word_1_304' title='bbox 1481 4063 1592 4138; x_wconf 89' lang='lat' dir='ltr'><strong>sic</strong></span> <span class='ocrx_word' id='word_1_305' title='bbox 1656 4058 2436 4166; x_wconf 74' lang='lat' dir='ltr'><strong>deceptus-perrexit</strong></span> <span class='ocrx_word' id='word_1_306' title='bbox 2484 4056 2586 4134; x_wconf 91' lang='lat' dir='ltr'><strong>ad</strong></span> <span class='ocrx_word' id='word_1_307' title='bbox 2635 4058 2948 4159; x_wconf 85' lang='lat' dir='ltr'><strong>probos&#39;</strong></span> <span class='ocrx_word' id='word_1_308' title='bbox 2983 4053 3366 4133; x_wconf 73' lang='lat' dir='ltr'><strong>homines</strong></span> 
     </span>
     <span class='ocr_line' id='line_1_36' title="bbox 249 4156 3364 4277; baseline -0.003 -25"><span class='ocrx_word' id='word_1_309' title='bbox 249 4170 911 4269; x_wconf 54' lang='lat' dir='ltr'><strong>regionimiltius,</strong></span> <span class='ocrx_word' id='word_1_310' title='bbox 958 4173 1520 4277; x_wconf 69' lang='lat' dir='ltr'><strong>‹et-quomodo</strong></span> <span class='ocrx_word' id='word_1_311' title='bbox 1572 4191 1973 4256; x_wconf 83' lang='lat' dir='ltr'><strong>tractasset</strong></span> <span class='ocrx_word' id='word_1_312' title='bbox 2019 4189 2211 4255; x_wconf 75' lang='lat' dir='ltr'><strong>eum</strong></span> <span class='ocrx_word' id='word_1_313' title='bbox 2260 4174 2520 4252; x_wconf 80' lang='lat' dir='ltr'><strong>homo</strong></span> <span class='ocrx_word' id='word_1_314' title='bbox 2568 4172 2703 4251; x_wconf 82' lang='lat' dir='ltr'><strong>ille</strong></span> <span class='ocrx_word' id='word_1_315' title='bbox 2753 4172 2882 4256; x_wconf 78' lang='lat' dir='ltr'><strong>cui</strong></span> <span class='ocrx_word' id='word_1_316' title='bbox 2929 4156 3364 4271; x_wconf 56' lang='lat' dir='ltr'><strong>pecuniam</strong></span> 
     </span>
    </p>
   </div>
  </div>
 </body>
</html>
