3969 4580
1745 59 1925 193 101

286 253 546 339 Gesippe
586 265 648 318 et
684 253 858 331 Tite,
910 273 992 315 ou
1028 250 1113 315 les
1149 251 1313 313 Bons
1349 200 1547 326 Arinis,
1595 269 1718 313 von
1754 248 1959 332 Han-dy
1995 247 2117 310 und
2157 245 2488 324 climati,
2506 245 2578 327 ²¹¹)
2630 247 2785 311 Cent
2819 247 3134 316 Nouvelles
3172 246 3450 319 nouvel·'

213 366 224 379 “
279 348 370 413 les
406 352 480 412 de
499 351 760 411 Madame
798 347 871 409 de
912 346 1171 426 Gomez,
1211 346 1327 407 Th.
1366 347 1437 422 5,
1475 346 1631 406 Nor.
1670 346 1768 406 28.
1845 342 2048 405 Ueber
2085 344 2390 425 Durosoys
2427 343 2807 412 itali'duischcs
2843 346 3134 433 Lustspid
3171 372 3218 416 s.
3258 352 3411 416 Hist.

279 446 623 513 universe&
663 438 764 509 des
802 441 1115 523 Theatres,
1151 443 1269 523 lx,
1303 443 1380 522 1,
1414 463 1475 524 p.
1515 439 1640 503 284
1675 438 1875 520 (Paris
1916 439 2132 521 178⁰).

521 814 579 878 1.
656 813 865 878 Dixit
914 809 1100 875 alius
1147 806 1647 892 philosophus
1692 821 2011 892 propter
2059 805 2327 871 amicos
2373 827 2515 871 non
2552 806 2915 891 probatos
2948 841 3030 859 -
3078 808 3408 877 damnum

219 958 226 962 .
282 920 510 971 tuum.
590 910 766 975 Diese
807 908 987 972 Stelle
1026 904 1186 967 citirt
1221 904 1604 981 Alba-tanus,
1670 904 1829 966 »Ars
1868 903 2144 985 loquendi
2182 914 2244 965 et
2282 904 2577 982 tacendi,«
2634 917 2809 967 unter
2845 907 2975 968 dem
2992 904 3253 978 Artikel,
3293 903 3408 968 Cui

282 1001 642 1084 loquendum
681 1007 792 1083 sit,
846 1007 1133 1087 Punctum
1171 1002 1431 1063 Primum
1492 998 1744 1077 (Colon.
1798 1001 1987 1075 1497,
2034 997 2126 1076 Α,
2175 1001 2247 1076 6,
2294 998 2416 1077 v.:)
2487 999 2701 1062 ²’Unde
2751 1002 3012 1063 Petrus
3049 998 3408 1063 Alfonsus

275 1111 527 1180 propter
584 1102 796 1163 amicos
850 1112 1005 1163 επακ
1050 1128 1134 1143 -
1216 1096 1567 1159 Albertanus
1625 1088 1787 1159 citirt
1855 1093 2109 1161 dasselbe
2181 1105 2354 1155 nnter
2411 1095 2573 1156 Petr.
2633 1092 2756 1155 Alf.
2806 1096 3031 1158 Namen
3062 1093 3247 1156 *noch
3306 1094 3405 1156 ein

279 1191 461 1255 Mal
441 1215 505 1254 ιιι
544 1194 671 1256 dem
714 1196 1030 1255 Traktat³³
999 1188 1222 1251 »Liber
1259 1188 1670 1251 consolationis
1710 1200 1771 1250 et
1810 1188 2063 1267 consilii,
2103 1209 2275 1269 quem
2313 1188 2695 1267 Alba-tanus,
2744 1189 3053 1250 causidicus
3088 1188 3405 1250 Brixiensis

282 1287 360 1349 de
398 1308 536 1348 ore
541 1300 767 1353 sanctae
803 1286 1068 1371 Agathae
1105 1284 1437 1367 compilavit
1472 1296 1647 1365 atque
1686 1284 2042 1368 composuit,
2080 1282 2186 1349 sub
2228 1282 2443 1343 1246
2423 1305 2485 1343 ιιι
2526 1303 2720 1345 mense
2745 1282 2964 1366 Aprilis
2989 1296 3051 1346 et
3073 1285 3234 1365 Maji.
3271 1281 3401 1345 Fol.
3444 1323 3451 1329 -

283 1382 388 1456 12,
423 1403 474 1443 r.
515 1381 627 1445 col.
666 1385 758 1447 2...
805 1383 944 1444 Mss.
984 1378 1164 1442 theol.
1194 1379 1323 1440 Lat.
1366 1378 1407 1439 f.
1447 1380 1602 1455 116,
1640 1378 1790 1440 Bibl.
1830 1380 1978 1462 Reg.
2019 1376 2218 1439 Berol.
2298 1376 2474 1439 Dicse
2498 1376 2892 1463 Ahhandlung
2931 1379 3031 1442 des
3051 1379 3189 1443 Alb.
3226 1378 3399 1442 ”Lib.

281 1475 693 1539 consolationis
743 1489 807 1538 et
845 1472 1110 1538 consilii«
1175 1472 1252 1534 ist
1300 1473 1392 1533 die
1439 1474 1654 1536 meines
1692 1474 1969 1536 Wissens
2016 1470 2173 1534 noch
2224 1492 2370 1555 ganz
2418 1470 2783 1535 unbekannte
2835 1472 2956 1534 und
3003 1475 3402 1559 nngedruckte

281 1567 616 1632 lateinische
655 1570 950 1633 Urschrist
1007 1570 1112 1630 der
1169 1567 1284 1631 viel
1330 1565 1769 1649 besprocbenen
1810 1566 2160 1643 Geschichte
2211 1587 2330 1628 von
2370 1566 2654 1629 Melibeus
2701 1568 2822 1629 und
2872 1568 3064 1631 seiner
3109 1567 3396 1631 Hausfrau

277 1663 616 1729 Prudentia.
699 1666 763 1726 S.
801 1665 1009 1742 Ebest,
1046 1661 1201 1725 Bibl.
1239 1663 1382 1727 Lex.
1427 1664 1722 1727 13679-
1743 1665 1967 1741 13682,
2006 1662 2127 1724 und
2143 1661 2385 1741 Panzer,
2419 1662 2714 1727 Deutsche
2750 1662 3021 1728 Annalen
3058 1665 3118 1743 1,
3159 1664 3237 1727 76
3275 1661 3397 1724 md

281 1759 344 1837 Ι,
381 1760 529 1835 4455
589 1760 826 1836 Zazata,
864 1784 924 1843 p.
962 1761 1064 1823 43.

518 1854 645 1919 ner
681 1853 1053 1919 bezeichnete
1075 1854 1446 1939 Pergament-
1452 1853 1653 1919 Codex
1693 1855 1798 1918 der
1833 1856 1994 1919 Κόιι.
2020 1854 2178 1919 Berl.
2203 1851 2536 1919 Bibliothek
2576 1852 2802 1917 enth'alt
2839 1853 2967 1917 eine
2993 1848 3206 1917 Reihe-
3206 1851 3395 1937 Folge

275 1966 398 2013 von
438 1948 733 2013 Schriften
771 1949 868 2015 des
907 1948 1274 2012 Albertauus.
1353 1950 1480 2015 Der
1517 1950 1802 2013 Mdibem
1823 1951 1955 2015 das.
1992 1969 2115 2014 von
2146 1948 2253 2009 sol.
2296 1951 2435 2009 6-
2457 1949 2537 2007 25
2576 1947 2652 2011 ist
2689 1948 2956 2009 offenbar
2980 1947 3396 2030 Nachahmung

273 2062 400 2103 von
436 2041 717 2104 Boethius
757 2042 980 2104 schrift
1053 2043 1192 2106 ”De
1229 2044 1690 2105 consolatione.
1777 2041 2151 2107 Auden-swa
2161 2043 2291 2105 eine
2334 2040 2659 2105 besondere
2693 2039 2954 2129 Anzeige
3004 2041 3151 2103 iiber
3198 2041 3291 2139 die
3330 2060 3392 2119 ιιι

274 2136 466 2204 dieses
499 2137 875 2200 Handschrift
911 2135 1321 2221 gesammelten
1361 2139 1595 2200 Werke
1634 2137 1733 2201 des
1770 2137 2141 2201 Albertanus.

209 2317 210 2320 Ἴ
512 2233 573 2295 3.
656 2231 1100 2295 ”Consilium
1138 2232 1706 2298 abscondituma:
1752 2267 1834 2281 —
1872 2233 2246 2312 Albertanus,
2285 2230 2384 2295 lib.
2422 2206 2644 2296 consol.
2684 2242 2746 2295 et
2783 2229 2985 2294 consil.
3026 2230 3070 2293 s.
3111 2231 3223 2309 12,
3258 2251 3309 2292 r.
3349 2231 3391 2293 2

273 2326 341 2389 in
377 2325 640 2394 besserer
676 2328 906 2413 Fulge.·
963 2329 1268 2391 ”Petrus
1305 2328 1661 2391 Alfonsus
1709 2330 1877 2391 dixit.
1939 2327 2260 2390 Consilium
2309 2328 2405 2391 vel
2454 2341 2740 2390 secretum
2792 2340 2956 2389 tuum
2993 2326 3391 2390 absconditum

277 2423 439 2504 quasi
478 2423 539 2484 in
580 2444 807 2484 carcere
845 2435 952 2506 tuo
994 2436 1082 2486 est
1118 2436 1436 2496 retrusum3
1493 2423 1809 2490 revelatum
1861 2444 2004 2489 vero
2056 2435 2119 2485 te
2170 2423 2233 2484 in
2271 2443 2501 2485 carcere
2539 2443 2646 2485 suo
2687 2433 2853 2494 tenet
2889 2418 3151 2505 ligatum
3212 2442 3391 2502 quare

276 2516 441 2578 dixit.
523 2515 644 2591 Qui
684 2518 984 2581 consilium
1023 2533 1198 2580 suum·
1227 2516 1290 2576 in
1327 2517 1505 2579 corde
1544 2539 1651 2580 suo
1689 2519 1936 2599 retinet,
1996 2518 2085 2581 sui
2130 2517 2274 2600 juris
2324 2529 2413 2580 est
2457 2516 2662 2580 melius
2710 2516 2944 2601 eligere.
3020 2517 3170 2580 Nam
3207 2516 3389 2579 tutius

277 2623 373 2676 est
407 2622 634 2690 tacere,
671 2633 839 2692 qnam
877 2624 947 2673 ut
981 2624 1167 2673 taceat
1203 2610 1377 2672 alium
1414 2629 1678 2694 rogarent

511 2709 572 2768 4.
655 2707 805 2769 ”Ne
844 2718 918 2768 te
958 2705 1276 2772 associes
1311 2704 1622 2769 inimicis
1660 2708 1866 2774 tuis-a
1952 2707 2126 2772 Amch
2165 2708 2287 2771 dies
2319 2707 2762 2792 autgcnommen
2800 2706 2864 2767 in
2902 2705 2995 2767 die
3039 2703 3198 2768 »Ars
3221 2703 3384 2786 loqu.

274 2813 338 2864 et
374 2811 527 2863 tam«
575 2821 626 2862 a.
665 2821 716 2862 a.
758 2800 833 2863 Ο.
872 2801 959 2863 bis
999 2824 1072 2862 zu
1119 2800 1720 2885 ”denigrabunt.«
1807 2804 1925 2864 Das
1965 2803 2315 2887 folgende³
2298 2803 2469 2864 »Est
2515 2811 2647 2863 una
2688 2802 2773 2863 de
2812 2800 3386 2865 adversitatibus

271 2894 488 2976 hujus
524 2895 794 2960 saeculi
833 2894 1340 2980 gravioribus«
1388 2918 1444 2957 ιι.
1484 2919 1530 2960 s.
1568 2921 1648 2960 w.
1691 2875 1884 2964 das.»
1851 2896 2191 2958 »consola-t.
2231 2907 2295 2958 et
2331 2893 2575 2957 consil«.
2625 2895 2665 2956 f.
2705 2898 2815 2973 21,
2854 2918 2905 2957 r.
2946 2898 3009 2956 1.

521 2990 771 3052 »Dixit
809 2991 1087 3072 quidam
1124 2990 1631 3055 versificator«
1678 3027 1760 3042 -
1826 2992 2003 3054 Diese
2054 2990 2452 3054 orientalische
2499 2990 2618 3051 Art
2656 2990 2921 3073 Spriiche
2969 2987 3257 3051 Dichtern
3304 2927 3386 3051 als

275 3081 843 3150 Gewahrsmannem
894 3085 1230 3168 beizulegen
1281 3085 1414 3148 saud
1462 3085 1607 3148 auch
1653 3086 1733 3148 im
1771 3084 2117 3149 Ahendland
2152 3086 2439 3171 Eingang.
2518 3087 2587 3147 Ζ.
2622 3085 2696 3147 Β.
2760 3081 3101 3170 »Dyalogus
3140 3082 3384 3148 Creatu-

271 3199 468 3243 rarum
509 3201 560 3243 c.
602 3182 703 3244 73.
742 3182 947 3245 Dicit
987 3181 1268 3263 quidam
1305 3179 1808 3243 versificator.

978 3294 1099 3374 Qui
1135 3314 1264 3356 non
1299 3294 1656 3360 assuescit
1692 3293 2003 3358 virtutibus
2042 3293 2179 3356 dum
2215 3293 2663 3376 juvenescit,

974 3389 1034 3451 A
1071 3389 1224 3452 vitiis
1262 3388 1502 3452 nescit
1539 3389 1871 3452 desuescere
1911 3390 2142 3471 quando
2182 3391 2521 3452 senescit.

510 3505 572 3572 5.
658 3503 803 3566 ”Ne
852 3515 925 3566 te
974 3504 1296 3572 associes
1336 3501 1748 3568 leccatori.
1791 3535 1875 3551 -
1930 3502 2246 3581 Leccam,
2303 3524 2441 3569 vom
2492 3503 2745 3563 Urwort
2789 3499 3103 3580 Lecken‚
3147 3493 3379 3573 λείχειν.

272 3596 493 3660 erklart
529 3596 839 3659 Isidorus
817 3597 1132 3660 1m³⁰liber
1169 3598 1550 3660 Glossarum«
1598 3597 1860 3658 durch»
1828 3598 2176 3683 »gulosum«
2225 3597 2344 3663 und
2381 3596 2490 3657 mit
2526 3596 2713 3658 dieser
2734 3594 3083 3680 Bedentnng
3118 3593 3389 3658 stimmeu

235 3687 240 3694 ’
273 3693 367 3755 die
408 3693 649 3754 meisten
690 3689 783 3753 bei
820 3689 921 3751 Du
961 3690 1189 3776 Gange,
1229 3691 1605 3773 Carpentier,
1642 3692 1761 3753 und
1800 3692 1886 3758 Gr.
1906 3693 1968 3756 J.
1994 3693 2142 3757 voss
2187 3693 2326 3756 ”De
2364 3691 2519 3758 vitiis
2554 3687 2875 3755 sermonis«
2922 3689 3123 3769 11,11
3164 3709 3385 3775 gesam-

267 3786 489 3851 melten
533 3787 787 3865 stenen,
825 3809 876 3847 ι..
916 3788 985 3848 Β.
1024 3787 1231 3866 Brito,
1269 3789 1589 3871 Synonym.
2970 3815 2987 3832 .

433 3995 504 4078 ¹¹¹)
585 3996 649 4058 S.
688 3995 773 4058 Le
802 3994 1026 4071 Grand‚
1063 3993 1335 4057 Fabliaux
1375 4016 1452 4057 ou
1484 3993 1703 4057 Contes
1742 3995 1801 4072 2,
1839 3995 1987 4069 393,
2036 3991 2132 4058 Ro
2138 3993 2391 4095 quefort,
2430 3993 2523 4057 De
2560 3987 2724 4056 Petat
2764 3987 2835 4055 de
2873 3990 2928 4055 la
2964 3991 3161 4075 poesie
3197 3991 3380 4051 Fran

574 4076 731 4153 eoise
769 4076 906 4136 dans
947 4074 1028 4136 les
1069 4078 1177 4136 l2e
1219 4087 1282 4136 et
1321 4075 1431 4136 132
1468 4074 1667 4136 siecles
1706 4096 1764 4156 p.
1809 4078 1949 4149 195;
1970 4017 2380 4151 tavalliere,
2420 4067 2570 4135 Bibl.
2609 4075 2687 4136 du
2726 4071 2982 4135 Theatre
3019 4069 3297 4147 Francois
3331 4068 3378 4146 1,

570 4156 722 4230 3⁵15
760 4154 1020 4219 Histoire
1059 4152 1339 4218 litter-aire
1377 4155 1449 4218 dc
1488 4154 1544 4218 ls
1581 4155 1914 4234 France,t.
1957 4157 2066 4234 16,
2103 4177 2163 4237 p.
2203 4157 2322 4217 227
2365 4155 2566 4235 (Paris
2607 4151 2827 4232 1824).
