3969 4580
1813 1448 1881 1542 Ι.

307 1703 372 1776 1.
433 1645 764 1778 Petrus
827 1696 1239 1790 AlfonsuS,
1313 1680 1583 1777 servus
1648 1700 1940 1780 Christi
2001 1706 2227 1790 Jesu,
2302 1698 2797 1801 compositor
2866 1697 3108 1798 hujus
3178 1699 3393 1792 libri,

303 1816 588 1915 gratias
651 1813 807 1913 agit
864 1816 1074 1902 Dee,
1149 1813 1291 1915 qui
1347 1808 1657 1916 primus
1722 1829 1839 1893 est
1901 1817 2076 1893 sine
2133 1814 2560 1918 principi0,
2635 1839 2678 1890 a
2755 1838 2921 1916 quo
2980 1812 3396 1892 bonorum

305 1928 681 2005 omnium
732 1940 849 2004 est
892 1926 1408 2029 principium,
1457 1926 1640 2004 finis
1690 1929 1861 2007 sine
1909 1930 2103 2017 fine,
2152 1929 2397 2005 totius
2444 1927 2644 2005 boni
2691 1926 3395 2028 complementum,

305 2042 650 2144 sapiens,
722 2041 861 2142 qui
922 2039 1381 2141 sapientiam
1452 2053 1531 2118 et
1587 2043 1980 2119 rationem
2043 2042 2368 2144 praebet
2427 2039 2776 2128 homini,
2852 2040 2992 2140 qui
3055 2063 3206 2117 nos
3255 2063 3397 2119 sua

304 2144 681 2256 sapien'tia
731 2148 1127 2256 aspiravit,
1179 2167 1256 2231 et
1303 2151 1781 2230 multiformi
1831 2157 2076 2233 sancti
2126 2154 2445 2256 spiritus
2493 2152 2737 2251 gratia
2788 2148 3079 2230 ditavit.

494 2271 564 2345 2.
617 2268 824 2365 Quia
885 2264 1125 2365 igitur
1183 2290 1348 2357 me,
1428 2261 1612 2343 licet
1672 2279 2205 2370 peccatorem,
2286 2270 2505 2344 Deus
2571 2263 3053 2344 multimoda
3114 2248 3398 2345 vestire

306 2381 674 2482 dignatus
725 2393 843 2457 est
887 2378 1297 2481 sapientia,
1371 2403 1475 2457 ne
1536 2379 1860 2466 lucerna
1909 2379 2111 2455 mihi
2163 2379 2456 2457 credita
2507 2379 2656 2456 sub
2707 2378 2991 2455 modio
3041 2389 3239 2456 tecta
3286 2380 3395 2458 la-

300 2508 491 2585 teat,
540 2494 834 2573 eodem
883 2493 1166 2596 spiritu
1212 2492 1666 2590 instigante,
1714 2495 1817 2571 ad
1864 2493 2313 2572 ‘multorum
2363 2494 2779 2571 utilitatem
2829 2491 3049 2569 hunc
3096 2493 3396 2569 librum

303 2631 795 2711 componere
846 2604 1306 2684 admonitus
1370 2627 1586 2693 sum,
1658 2608 1931 2709 ipsum
1994 2604 2452 2697 obsecrans,
2524 2619 2620 2683 ut
2674 2604 2865 2681 huic
2930 2604 3091 2681 mei
3150 2605 3396 2682 libelli

300 2721 701 2825 principio
748 2720 1066 2795 bonum
1116 2713 1365 2792 finem
1417 2714 1820 2817 adjungat,
1867 2744 2166 2822 meque
2215 2716 2637 2807 custodiat,
2685 2741 2791 2794 ne
2840 2715 3040 2819 quid
3090 2715 3399 2796 dicatur

305 2832 537 2938 quod
584 2853 775 2910 suae
826 2828 1231 2931 displiceat
1275 2826 1683 2905 voluntati.
1780 2835 2059 2909 Amen.

382 3005 403 3013 -
496 2951 567 3025 3.
615 2948 835 3022 Deus
882 2942 967 3019 in
1016 2941 1177 3018 hoc
1227 2942 1622 3043 opusculo
1672 2942 1774 3021 sit
1818 2945 2020 3021 mihi
2069 2945 2155 3020 in
2187 2940 2706 3042 adjutorium,
2758 2944 2896 3048 qui
2929 2970 3066 3022 me
3098 2945 3398 3024 librum
3489 3029 3504 3042 ‚

303 3061 525 3138 hunc
574 3078 1068 3160 componere
1126 3068 1205 3133 et
1262 3055 1350 3131 in
1399 3056 1771 3133 Latinum
1842 3055 2225 3136 transfere
2299 3056 2709 3159 compulit.
2837 3064 3114 3155 Quum
3180 3062 3398 3138 enim

307 3171 525 3276 apud
570 3195 706 3249 me
753 3170 1067 3273 saepius
1113 3167 1610 3247 retractando
1659 3170 2059 3249 humanae
2110 3194 2379 3248 causas
2430 3169 2847 3247 creationis
2882 3173 3105 3248 omni
3140 3173 3397 3264 modo

305 3288 505 3364 scire
552 3285 1030 3364 laborarem:
1104 3282 1559 3360 humanum
1626 3283 1960 3386 quidem
2022 3284 2438 3383 ingenium
2499 3282 2770 3361 inveni
2838 3307 2930 3360 ex
2976 3299 3396 3388 praecepto

307 3399 748 3478 conditoris
796 3397 893 3475 ad
945 3397 1106 3474 hoc
1152 3420 1324 3474 esse
1375 3396 1873 3499 deputatum,
1922 3410 2049 3504 ut,
2102 3394 2493 3499 quamdiu
2545 3409 2660 3473 est
2707 3395 2790 3471 in
2842 3397 3000 3473 hoc
3048 3399 3396 3489 saeculo,

164 3527 177 3542 “
305 3513 393 3590 in
442 3525 751 3589 sanctae
798 3511 1110 3588 studeat
1168 3510 1427 3588 vivere
1492 3510 2042 3587 exercitatione
2089 3507 2681 3612 philosophiae,
2739 3510 2986 3611 quod
3037 3510 3140 3588 de
3189 3536 3398 3589 crea-

150 3653 165 3660 ·
298 3640 483 3706 tore
532 3647 681 3700 suo
731 3622 1151 3708 meliorem
1202 3637 1280 3701 et
1324 3621 1719 3722 majorem
1767 3623 2056 3700 hab'eat
2100 3621 2503 3711 notitiam,
2555 3634 2634 3699 et
2677 3621 3091 3701 moderata
3139 3625 3401 3704 vivere

305 3736 618 3817 studeat
681 3736 1197 3828 continentia,
1296 3749 1375 3813 et
1438 3737 1536 3813 ab
1599 3735 2211 3814 imminentibus
2273 3733 2462 3811 sciat
2520 3735 2672 3812 sibi
2737 3759 3199 3838 praecavere
3265 3737 3399 3815 ad·

300 3849 831 3942 versitatibus,
918 3871 1180 3950 eoque
1254 3850 1570 3927 tramite
1639 3847 2045 3948 gradiatur
2112 3848 2203 3924 in
2263 3846 2613 3939 saecule,
2689 3850 2825 3952 qui
2896 3875 3086 3928 eum
3156 3851 3398 3929 ducat
3509 3850 3520 3856 “
3599 3893 3610 3902 ·

307 3963 411 4043 ad
457 3987 698 4061 regna
748 3960 1184 4038 coelorum.
1284 3961 1531 4058 Quod
1579 3963 1646 4039 si
1694 3964 1785 4038 in
1848 3960 2192 4064 praefata
2241 3975 2550 4039 sanctae
2615 3960 3073 4065 disciplinae
3120 3965 3430 4043 notitia·

307 4076 609 4163 vixerit,
660 4087 743 4153 et
782 4073 944 4151 hoc
993 4072 1326 4178 quidem
1372 4099 1524 4178 pro
1576 4099 1745 4179 quo
1797 4089 2103 4152 creatus
2167 4086 2284 4152 est
2323 4071 2874 4178 compleverit,
2940 4075 3179 4156 debet
3224 4102 3400 4179 per-

303 4188 556 4267 fectus
605 4188 996 4291 appellari.
1093 4188 1485 4289 Fragilem
1522 4190 1760 4267 etiam
1789 4186 2147 4265 hominis
2189 4209 2357 4265 esse
2390 4187 3400 4292 consideravilcomplexio·

2701 4306 2751 4378 5
