3969 4580
1910 68 1923 83 “
2030 93 2092 184 s

394 337 411 345 -
512 278 1017 476 ξεῖιιὶᾶἓίῑιῖἰι
1082 279 1251 361 den
1306 286 1511 363 Ρειι.
1567 278 1717 362 Alf.
1778 279 2159 382 folgende
2215 280 2740 359 Litteratoren
2800 278 2947 360 der
3014 281 3620 382 theologischen

352 416 375 430 ⁸
574 425 617 476 C
676 426 742 475 Γ]
855 414 932 476 te
995 422 1115 476 ert
1182 436 1191 443 “

704 512 1031 591 Johann
1088 535 1257 591 von
1325 508 1857 599 Tritenheim,
1952 507 2196 586 Catal.
2275 462 2554 611 Script.
2613 508 2907 587 Eccles·
2970 512 3149 611 cap!
3193 513 3390 595 ,356
3405 537 3483 614 p.
3529 515 3633 590 90
3713 612 3724 621 ο

350 598 351 601 ¹
450 670 455 675 ·
516 626 638 704 ed.
688 629 983 706 Ἐτὼικι
1023 631 1420 714 „Petrus
1466 622 2069 724 Alphonsus,
2145 646 2237 700 ex
2296 622 2610 699 ,Iudaeo
2687 646 3118 701 conversus
3175 625 3284 701 ad
3345 622 3630 715 fidem,

513 746 831 842 Moyses
895 752 1119 817 antea
1178 749 1538 825 vocamS,
1615 761 1862 837 quem
1920 760 2061 812 rex
2108 736 2568 837 Alphonsus
2633 733 2738 813 de
2797 761 3021 819 sacro
3085 735 3312 824 fonte
3359 738 3627 817 levans

517 880 665 933 suo
718 851 1148 951 agnomine
1192 849 1627 946 insignivit3
1675 849 1796 925 vir
1840 849 1928 923 in
1979 849 2384 951 scripturis
2434 848 2720 925 sanctis
2772 849 3165 948 eruditus,
3216 866 3294 929 et
3342 852 3431 928 iri
3464 876 3629 935 sae·

514 967 759 1044 culari
821 961 1334 1067 philosophia
1398 961 1778 1038 nobiliter
1840 959 2156 1052 doetus,
2228 963 2317 1037 in
2391 976 2957 1060 argumentum
3025 980 3221 1045 uuae
3280 964 3630 1047 sincerae

516 1080 707 1156 fidei
758 1078 1068 1180 scripsit
1114 1076 1265 1152 suh
1317 1073 1653 1151 nomine
1699 1074 1958 1204 Moysi
2009 1073 2327 1164 Judaei,
2379 1075 2608 1177 quod
2658 1073 2945 1175 fuerat,
3011 1091 3091 1155 et
3141 1080 3348 1156 Petri
3401 1079 3629 1163 Chri·
3667 1166 3674 1169 a

515 1194 779 1282 stiani,
847 1188 1074 1293 quod
1132 1211 1305 1265 esse
1368 1187 1663 1289 coepit,
1723 1187 2123 1285 insignem
2175 1172 2589 1287 dialogum
2636 1204 2915 1267 contra
2961 1189 3345 1281 Judaeos.
3406 1193 3540 1270 lib.
3588 1196 3632 1273 1

514 1305 696 1384 Uni
750 1318 841 1382 et
890 1316 1294 1380 aeterno
1344 1301 1691 1403 primo.
1739 1341 1837 1358 —
1885 1302 2023 1377 De
2073 1298 2482 1378 scientia
2535 1317 2630 1379 et
2674 1303 3350 1436 philosophia,
3395 1305 3529 1382 lib.
3568 1307 3627 1383 Ι.

514 1461 610 1475 --
659 1421 761 1496 Et
810 1413 1208 1527 quaedam
1259 1413 1428 1494 alia.
1527 1413 1832 1492 Claruit
1889 1414 2395 1517 temporibus
2443 1417 2765 1495 Henrici
2831 1417 3128 1520 quarti,
3189 1441 3405 1499 anno
3461 1420 3629 1498 Do·

512 1532 716 1608 mini
769 1522 1033 1609 1100.“

711 1646 890 1724 Ant.
940 1642 1319 1724 Possevin
1366 1645 1654 1746 Appar.
1702 1667 1921 1723 sacer
1964 1658 2020 1723 t.
2068 1592 2118 1722 3
2165 1672 2243 1747 p.
2289 1646 2394 1723 32
2441 1646 3068 1745 (Venet1606):
3131 1650 3466 1735 „Petrus
3498 1646 3633 1731 Α1·,-

496 1759 907 1873 phamas,
981 1761 1299 1855 Moyses
1345 1771 1576 1835 antea
1634 1772 1997 1847 vocam,
2075 1758 2278 1835 dum
2324 1756 2838 1837 «Iudaismum
2888 1757 3436 1861 profiteretur,
3526 1756 3632 1837 ad

516 1864 808 1951 Christi
859 1869 1114 1946 fidem
1163 1893 1613 1962 conversus,
1662 1886 1900 1974 atque
1949 1872 2048 1949 ab
2097 1872 2538 1974 Alphonso‚
2583 1872 3010 1976 Hispaniae
3047 1895 3253 1972 rege,
3305 1873 3408 1951 ad
3437 1872 3634 2002 hap·

512 1987 728 2064 tismi
758 1982 1111 2062 fontem
1188 1997 1637 2086 susceptam,
1709 1965 2076 2086 ejusdem
2148 2009 2456 2062 nomen
2525 2009 2678 2087 pro
2755 1988 3242 2084 cognomine
3271 1985 3631 2086 accepit.

508 2101 850 2201 Scripsit
913 2095 1287 2174 adversus
1349 2097 1723 2175 Judaeos.
1843 2098 2547 2199 Eisingrenius
2601 2098 3008 2180 existimat
3066 2097 3289 2176 hune
3349 2097 3633 2174 vixisse

518 2237 695 2290 ann.
747 2213 962 2288 1091.
1059 2210 1162 2285 At
1216 2207 1431 2287 illius
1477 2176 1870 2334 Alphonsi
1919 2210 2234 2310 Dialogi
2288 2210 2480 2288 editi
2528 2224 2717 2289 sunt
2764 2209 3155 2350 Coloniae
3197 2233 3384 2288 ann.
3433 2212 3632 2288 1536

517 2323 733 2431 apud
785 2322 1352 2422 Gymnimm.“·

707 2435 1185 2522 Bartolocci,
1246 2430 1445 2510 Bihl.
1489 2455 1601 2508 m.
1646 2432 1984 2511 Rabbin.
2033 2439 2084 2508 4
2129 2457 2208 2533 p.
2240 2436 2341 2510 68
2370 2438 2508 2511 Nr.
2541 2397 2753 2525 1193,
2784 2437 2877 2515 R.
2907 2440 3177 2516 Moses
3207 2437 3630 2540 Hispanus,

512 2554 652 2631 hat
695 2552 832 2630 die
881 2547 1003 2627 ost
1050 2545 1507 2625 erwahute’n
1562 2544 1945 2643 Angaben
1991 2544 2197 2622 iiber
2246 2544 2405 2623 den
2447 2541 2852 2626 Verfasser
2896 2550 3074 2625 und
3114 2549 3247 2626 die
3276 2550 3633 2648 Dialogi·

512 2667 721 2743 citirt
767 2664 930 2741 den
978 2662 1332 2740 Vincenz
1383 2683 1452 2736 v.
1498 2657 1877 2735 Beauvais
1925 2657 2106 2738 und
2153 2657 2313 2736 den
2360 2659 2684 2740 Johann
2731 2686 2801 2736 v.
2849 2660 3384 2751 Tritenheim‚
3448 2656 3631 2742 und

406 2847 411 2858 .
512 2777 728 2880 giebt
771 2774 1202 2855 Nachrieht
1247 2794 1413 2865 von
1459 2769 2075 2849 Handschristen
2128 2771 2272 2848 der
2317 2757 2664 2872 Dialogi,
2711 2771 3032 2850 welche
3061 2773 3629 2882 vollstiindiger

354 2921 369 2936 ·
512 2895 641 2971 bei
691 2887 1241 2971 Montfaucon.
1280 2925 1399 2952 -
1452 2881 1833 2961 Dasselhe
1897 2883 2187 2962 kiirzer
2247 2886 2465 2964 noch
2533 2885 2662 2961 ein
2709 2885 2870 2961 Mal
2931 2885 3066 2964 bei
3110 2884 3401 2966 Bau-tol.
3448 2887 3499 2966 4
3544 2907 3622 2988 p.

373 3099 389 3116 ι
508 3009 669 3094 344
700 2999 848 3084 Nr.
897 3003 1090 3082 1637
1139 3011 1443 3091 anter,
1445 2999 1761 3089 ,Petrus
1809 2993 2275 3100 Alphonsus
2321 2998 2448 3080 vel
2493 2996 2962 3102 Alphonsiss

2014 3312 2137 3422 II.

506 3473 1391 3572 Nachrichten
1449 3498 1691 3566 von
1755 3467 1978 3565 der
2052 3472 2836 3594 „Disciplina
2874 3399 3540 3563 clericalis“

1145 3614 1349 3708 hei
1408 3611 1890 3705 alteren
1958 3610 2975 3705 Schriftstellern.

543 3967 551 3976 .
637 3929 838 4007 Bis
901 3926 1150 4006 dahin
1213 3951 1378 4006 war
1437 3930 1670 4005 Peter
1713 3922 2027 4003 Alfonsi
2092 3948 2252 4003 nur
2311 3925 2423 4004 als
2469 3923 2875 4007 Verfasser
2935 3920 3084 4000 der
3129 3915 3433 3996 Schrist
3489 3938 3624 4015 ge-

516 4063 669 4143 gen
720 4042 879 4119 den
925 4040 1390 4120 Judaismus
1434 4039 1806 4120 bekannt.
1934 4046 2219 4119 Zuerst
2264 4041 2570 4119 meines
2617 4039 2988 4120 Wissens
3047 4031 3403 4113 erwahnt
3447 4028 3624 4109 sein

516 4157 827 4292 ‘zweites
874 4156 1141 4238 Werk

3444 4257 3624 4333 Ant.
