3969 4580
587 324 822 416 ciam,
869 322 1160 427 inquit,
1209 321 1327 401 tui
1379 347 1612 401 causa
1660 321 2019 401 libenter.
2138 323 2299 402 Sed
2347 348 2629 403 vereor
2677 349 2819 415 ne,
2869 325 2938 402 si
2993 326 3132 429 qui
3187 339 3456 405 nostra
3493 325 3699 404 :sim-

580 440 767 543 plici
819 439 1090 517 animo
1141 440 1485 538 legentes
1536 437 1916 526 carmina,
1993 462 2200 538 quae
2261 439 2363 517 de
2423 439 2872 517 mulierum'
2915 441 3211 518 artibus
3264 441 3365 519 ad
3419 466 3701 521 earum

586 554 1166 631 correctionem
1232 566 1309 628 et
1354 567 1579 629 tuam
1631 567 1709 628 et
1758 551 2106 628 aliorum
2153 552 2733 629 instructionen
2785 554 3243 646 scribimuS,
3322 554 3703 644 viderint,

581 667 945 745 videlicet
1014 664 1453 744 indicantia
1537 660 1967 769 quomodo
2020 687 2299 743 earum
2358 667 2893 743 nescientibus
2950 669 3138 746 viris
3203 693 3398 747 suos
3443 664 3702 747 'advo-

584 794 765 859 cent
808 778 1186 868 amasios‚
1239 793 1320 857 et
1381 780 1993 881 complectentes
2027 777 2597 857 deosculentur
2646 778 3105 873 advocatoS,
3158 795 3236 860 et
3286 806 3493 885 quae
3538 782 3705 859 illa·

581 920 769 972 rum
821 893 1107 996 expetit
1167 892 1476 972 lascivia
1533 895 1620 970 in
1680 892 1874 993 ipsis
1938 892 2325 993 expleant,
2395 917 2671 969 earum
2722 896 3161 997 nequitiam
3226 895 3315 970 in
3377 919 3535 974 nos
3580 918 3703 974 re-

585 1007 949 1085 dundare
1011 1006 1353 1085 credant.
1414 1045 1515 1065 —
1586 1011 1654 1083 5.
1688 1006 2195 1108 'Discipulusz
2265 1011 2388 1084 Ne
2437 1007 2715 1084 timeas
2764 1009 2988 1098 haec,
3036 1009 3440 1106 magi-stem
3514 1010 3703 1111 quia

587 1121 975 1201 Salomon
1039 1121 1122 1196 in
1182 1121 1393 1198 libro
1456 1120 2110 1222 proverbiorum,
2186 1135 2265 1197 et
2321 1120 2555 1197 multi
2622 1122 3011 1223 sapientes
3072 1145 3360 1224 pravos
3423 1145 3700 1199 earum

585 1233 1062 1333 corrigendo
1113 1254 1382 1312 mores
1444 1233 1625 1310 talia
1675 1234 2189 1337 scripserunt,
2263 1256 2410 1309 nec
2492 1234 2809 1335 culpam
2891 1235 3030 1311 sed
3104 1235 3430 1315 laudem
3509 1235 3702 1315 inde

581 1362 1223 1454 promeruerunt.
1323 1351 1455 1425 Tu
1503 1348 1864 1424 similiter
1913 1346 2017 1424 de
2064 1346 2217 1422 illis
2268 1348 2616 1424 scribens
2681 1347 2783 1425 ad
2831 1363 3186 1425 nostram
3250 1347 3699 1440 utilitatem,

581 1488 754 1541 non
803 1462 1285 1563 vituperium
1336 1461 1479 1539 sed
1530 1460 1855 1539 laudem
1886 1473 1986 1564 ‘et
2036 1484 2421 1539 coronam
2455 1461 2976 1565 promerebis.
3049 1462 3151 1538 Et
3198 1461 3305 1539 ob
3356 1461 3516 1539 hoc
3564 1486 3698 1541 ro·

546 1590 753 1677 ‘gata
805 1576 977 1655 sine
1028 1576 1536 1654 cunctatione
1585 1574 2071 1654 demonstra.
2120 1613 2221 1629 -

781 1695 1014 1767 Tunc
1052 1691 1468 1789 magister:

773 1805 844 1891 6,
941 1804 1291 1879 Perrexit
1337 1802 1671 1905 quidam
1718 1802 2212 1880 vindemiare
2257 1802 2570 1880 vineam
2619 1827 2870 1882 suam.
2971 1799 3218 1898 Quod
3248 1824 3455 1881 uxor
3484 1802 3696 1883 illius

582 1915 861 1995 videns
919 1916 1299 2023 intellexit
1360 1917 1591 1993 illum
1660 1917 1861 1993 circa
1923 1908 2235 1993 vineam
2304 1916 2604 1994 diutius
2670 1930 3199 1995 moraturum.
3295 1918 3398 1992 Et
3444 1918 3696 1996 misso

580 2032 880 2135 nuncio
956 2029 1422 2106 convocavit
1497 2030 1877 2118 amicum,
1967 2029 2588 2133 conviviumque
2663 2045 2903 2132 parat.
2985 2027 3354 2107 'Accidit
3426 2044 3695 2109 autem

471 2224 483 2243 ⁴
580 2140 1244 2244 quoddominus
1292 2167 1520 2218 ramo
1573 2143 1967 2220 vineae‘in
2006 2142 2246 2221 oculo
2283 2169 2704 2246 percussus
2739 2145 2912 2219 'cito
2968 2136 3311 2219 domum
3363 2143 3696 2234 rediret,

581 2254 785 2333 nihil
833 2253 937 2332 de
989 2256 1227 2333 oculo
1278 2280 1656 2359 percusso
1709 2254 2022 2344 videns;
2089 2258 2577 2360 veniensque
2630 2257 2731 2336 ad
2781 2270 3099 2360 portam
3151 2253 3448 2342 domus
3497 2282 3693 2337 suae

581 2368 882 2446 ostium
929 2369 1284 2470 pulsavit.
1386 2368 1635 2465 Quod
1695 2393 1902 2447 uxor
1964 2368 2411 2500 intelligens
2472 2372 2820 2447 nimium
2884 2371 3335 2471 perturbata
3400 2395 3695 2451 convo-

580 2496 851 2559 catum
881 2483 1231 2558 amicum
1267 2482 1685 2559 abscondit
1716 2507 2117 2570 seorsum,
2171 2496 2249 2558 et
2294 2483 2466 2561 viro
2520 2510 2670 2561 suo
2722 2484 2986 2561 statim
3040 2485 3339 2560 ostium
3389 2487 3695 2586 aperire

576 2595 943 2673 cucurrit.
1045 2600 1109 2673 7.
1179 2595 1338 2692 Qui
1389 2597 1688 2673 intrans
1738 2596 2088 2672 nimium
2137 2588 2375 2672 tristis
2429 2612 2505 2676 et
2552 2577 2888 2697 graviter
2938 2595 3222 2674 dolens
3271 2598 3357 2672 in
3411 2597 3693 2687 oculo,

575 2707 802 2808 jussit
846 2709 931 2784 in
985 2733 1291 2785 camera
1353 2709 1650 2789 lectum
1715 2733 2181 2841 praeparare
2231 2725 2325 2786 ut
2370 2711 2481 2788 ibi
2537 2726 2806 2812 posset
2855 2712 3279 2812 quiescere.
3382 2711 3694 2788 Timuit

572 2846 779 2899 uxor
826 2845 932 2897 ne
978 2822 1279 2897 intrans
1329 2843 1727 2900 cameram
1777 2825 2129 2901 amicum
2177 2823 2612 2900 latitantem
2647 2824 2970 2900 videret.
3063 2823 3276 2895 Dixit
3311 2820 3420 2896 ei:
3473 2823 3698 2915 Quid

574 2929 889 3014 tantum
938 2959 1317 3037 properas
1368 2935 1471 3012 ad
1519 2936 1865 3015 lectum?
1912 2939 2064 3014 Dic
2099 2936 2298 3012 mihi
2353 2937 2575 3037 prius
2627 2936 3021 3040 quidtibi
3058 2932 3557 3031 contigisset?
3590 2975 3694 2993 —-

573 3048 1216 3151 Narravitque..ei
1266 3059 1529 3123 totum
1580 3065 1675 3127 ut
1725 3050 2130 3146 acciderat.
2183 3089 2283 3104 —-
2330 3051 2726 3139 Permitte,
2777 3049 3042 3150 inquit
3090 3046 3241 3135 illa,
3293 3046 3698 3127 carissime

576 3157 910 3237 domine
961 3161 1109 3248 mi,
1159 3174 1254 3235 ut
1303 3161 1632 3238 oculum
1687 3188 1973 3240 sanum
2024 3163 2479 3241 medicinali
2534 3176 2697 3240 arte
2744 3162 3229 3240 confirmem
3281 3173 3358 3238 et
3405 3159 3693 3240 carmi·

575 3297 787 3363 nem,
832 3296 942 3369 ne
989 3273 1099 3349 ita
1150 3271 1513 3352 deveniat
1564 3275 1664 3353 de
1696 3285 1931 3366 'san0‚
1981 3291 2076 3353 ut
2124 3275 2325 3353 mihi
2374 3271 2536 3374 jam
2587 3276 2846 3356 evenit
2891 3276 2998 3352 de
3046 3293 3447 3376 percusso,
3497 3274 3692 3375 quia

576 3388 979 3465 damnum
1017 3400 1256 3463 tuum
1306 3412 1656 3468 comune
1708 3404 1825 3468 est
1858 3390 2132 3469 nobis
2181 3430 2282 3445 -
2349 3394 2421 3467 8.
2468 3393 3069 3493 Apponensque
3135 3413 3240 3472 os¹
3289 3409 3532 3481 suum
3585 3385 3692 3463 ad

573 3503 905 3580 oculum
974 3523 1262 3577 sanum
1322 3502 1639 3582 tamdiu
1703 3502 1902 3581 fovit
1950 3527 2381 3609 quousque
2430 3530 2475 3581 a
2523 3504 2708 3582 loco
2760 3504 2903 3580 ubi
2957 3499 3500 3590 absconditus
3517 3513 3694 3577 erat

576 3617 876 3692 amicus
926 3615 1098 3692 viro
1148 3618 1548 3695 nesciente
1599 3618 1968 3696 discessit.
2075 3615 2444 3696 Tandem
2492 3641 2577 3695 se
2631 3618 2971 3717 erigens:
3044 3614 3334 3704 Modo,
3363 3613 3692 3714 inquit,

574 3729 971 3807 carissime
1002 3728 1145 3817 vir,
1194 3730 1298 3806 sis
1349 3752 1676 3809 securus
1727 3754 1831 3808 ne
1882 3731 1983 3807 de
2035 3731 2192 3807 hoc
2245 3730 2484 3808 oculo
2538 3731 2843 3808 eveniat
2893 3729 3231 3834 qualiter
3278 3727 3386 3806 de
3435 3723 3688 3804 altero
3739 3792 3746 3796 .

575 3843 852 3920 evenit.
949 3846 1131 3918 Jam
1178 3856 1408 3942 potes
1458 3846 1522 3921 si
1573 3845 1739 3922 tibi
1767 3843 2023 3946 placet
2073 3841 2175 3920 ad
2225 3844 2520 3924 lectum
2572 3843 3218 3921 descendere.—

766 3960 815 4033 9
914 3957 1183 4034 Tunc
1199 3954 1638 4057 discipulus
1688 3957 1795 4035 ait
1842 3959 2256 4058 magistro.
2328 3961 2546 4036 Bene
2593 3975 2728 4038 me
2777 3955 3255 4045 instruxisti,
3330 3967 3409 4031 et
3455 3949 3692 4056 quod

548 4065 681 4144 'de
725 4067 1045 4146 illarum
1099 4069 1397 4164 artibus
1444 4071 1777 4148 retulisti
1828 4072 2242 4150 siticuloso
2295 4083 2374 4149 et
2423 4069 2902 4152 desideranti
2954 4071 3228 4148 animo
3271 4086 3698 4156 commen-⁹·

574 4179 826 4257 datur.
950 4184 1117 4257 Nec
1185 4181 1415 4283 quod
1481 4184 1675 4356 inde
1734 4186 1898 4267 scio
1965 4212 2120 4290 pro
2173 4184 2464 4266 divitiis
2513 4185 2871 4286 Arabum
2917 4195 3422 4260 commutare
3447 4175 3690 4373 γῆς,
3755 4237 3760 4248 .

3656 4306 3691 4370 t
