3969 4580
1612 28 1621 35 ,

2069 40 2076 51 t

1760 64 1765 73 ι
2013 60 2019 73 Ι

1793 117 1943 213 45χ

454 312 558 391 ’2.
656 313 879 392 Alius
927 310 1495 414 philosophum
1560 311 1682 385 Ne
1745 303 2110 383 confidas
2158 304 2244 380 in
2295 304 2548 394 malo,
2623 304 2685 382 si
2738 303 3190 409 periculum
3241 331 3411 390 eva-

292 427 521 518 seriS,
569 441 664 505 ut
714 426 931 503 aliud
981 424 1234 514 ineas,
1287 424 1474 527 quia
1523 420 1727 498 illud
1777 443 1947 499 non
1998 419 2232 497 faciet
2279 433 2374 495 ut
2420 420 2679 496 simile
2705 416 3236 520 pertranseas.

484 545 556 619 3.
656 540 873 617 Dixit
918 538 1304 616 Arabicus
1362 536 1535 613 filio
1603 558 1787 612 suo:
1867 533 1952 610 Si
2016 531 2312 608 videris
2377 534 2817 663 quemlibet
2862 536 3094 614 malis
3145 539 3404 640 operi·

284 653 442 730 bus
515 639 1043 754 praegravari,
1120 675 1224 727 ne
1296 664 1374 726 te
1438 648 1953 726 intromittas.
2028 644 2255 748 quia,
2332 646 2473 746 qui
2532 645 2986 747 pendulum
3048 651 3404 745 solverit,

266 790 533 870 super
578 785 770 844 'eum
826 762 1167 867 [ruina]
1223 763 1385 839 erit

484 883 555 956 4.
658 879 1082 956 Transiens
1134 875 1464 980 quidam
1516 898 1663 976 per
1711 874 1993 949 silvam
2041 871 2346 949 invenit
2393 887 2842 974 serpentem
2879 902 2919 953 a
2955 881 3404 979 pastoribus

287 993 763 1081 exstrictum‚
816 1006 893 1068 et
943 991 1338 1092 stipitibus
1375 988 1800 1119 alligatum,
1854 1010 2101 1087 quem
2150 1010 2346 1062 mox
2395 985 2753 1063 solutum
2810 990 3230 1087 calefacere
3270 1020 3404 1072 cu·
3488 980 3496 987 ⁸

284 1106 507 1182 ravit.
606 1104 1049 1182 calefactus
1095 1125 1421 1204 serpens
1473 1103 1675 1177 circa
1723 1099 2134 1177 foventem
2199 1124 2514 1201 serpere
2582 1103 2877 1203 coepit,
2952 1118 3030 1182 et
3074 1107 3404 1184 tandem

284 1217 620 1317 ligatum
654 1219 988 1316 graviter
1036 1216 1358 1293 strinxit.
1460 1219 1690 1292 Tunc
1724 1213 2019 1297 homo,
2071 1210 2311 1310 Quid,
2363 1212 2648 1315 inquit,
2695 1214 2940 1293 facis?
3037 1202 3205 1296 Cur
3234 1246 3401 1299 ma-

284 1330 460 1409 lum
510 1356 659 1432 pro
710 1333 935 1408 bono
989 1328 1302 1406 reddis?
1347 1364 1447 1384 -·-
1493 1332 1596 1403 Et
1643 1327 1838 1403 haec
1889 1349 2247 1428 serpens·
2296 1329 2684 1403 Naturam
2732 1353 2999 1406 meam
3049 1331 3276 1412 facio.
3307 1364 3401 1392 ¹—

286 1448 647 1534 Bonum‚
699 1445 808 1521 ait
853 1443 1019 1531 ille,
1068 1442 1214 1518 tibi
1263 1440 1448 1530 feci,
1498 1455 1579 1530 et
1624 1439 1825 1515 illud
1876 1440 2095 1519 malo
2129 1438 2329 1514 mihi
2368 1439 2685 1518 reddis?
2729 1485 2832 1501 —
2899 1449 2967 1521 5.
3016 1445 3178 1522 Illis
3210 1471 3401 1525 vero

286 1557 398 1634 sic
472 1556 1143 1641 contendentibus
1217 1568 1491 1631 vocata
1557 1566 1675 1630 est
1732 1553 1942 1631 inter
2005 1577 2146 1629 eos
2225 1551 2325 1629 ad
2391 1552 2787 1650 judicium
2874 1556 3181 1659 vulpeS‚
3273 1560 3401 1637 cui

213 1701 219 1711 ·
283 1683 552 1747 totum
598 1685 696 1748 ut
744 1682 1109 1746 evenerat
1158 1692 1245 1745 ex
1297 1666 1583 1744 ordine
1615 1678 2154 1743 monstratum
2209 1678 2345 1741 est.
2421 1672 2653 1745 Tunc
2701 1667 3014 1772 vulpes:
3080 1673 3204 1748 De
3250 1672 3402 1765 hac

286 1808 522 1861 causa
571 1807 717 1885 per
764 1782 1131 1863 auditum
1197 1779 1548 1879 judicare
1611 1781 1936 1878 ignoro,
1972 1778 2154 1854 nisi
2209 1778 2548 1879 qualiter
2594 1782 2801 1858 inter
2847 1809 2990 1860 vos
3040 1785 3399 1885 primum

280 1896 531 1975 fuerit
593 1896 693 1972 ad
757 1895 1087 1973 oculum
1151 1894 1407 1970 video,
1477 1935 1574 1952 —
1669 1898 1737 1970 6.
1800 1894 2212 1990 Religatur
2284 1892 2526 1989 igitur
2595 1898 2918 1997 serpens
2979 1912 3084 1976 ut
3153 1899 3397 2000 prius.

279 2009 540 2090 Modo
590 2011 855 2110 inquit
901 2008 1213 2110 vulpes:
1266 2011 1338 2087 Ο
1391 2032 1746 2110 serpens,
1799 2006 1866 2081 si
1913 2017 2145 2108 potes
2198 2004 2528 2101 evadere
2581 2006 2927 2098 discede;
2977 2025 3070 2088 tu
3117 2012 3397 2103 homo,

216 2190 225 2195 -
284 2123 388 2200 de
432 2123 824 2200 solvendo
891 2136 1254 2224 serpente
1313 2121 1484 2198 noli
1541 2121 1926 2196 laborare.
2027 2119 2323 2195 Nonne
2371 2116 2658 2216 legisti:
2733 2124 2893 2219 Qui
2943 2125 3408 2224 pendulum*
3530 2164 3538 2171 ·

280 2238 631 2329 solverit,
688 2262 931 2340 super
980 2261 1169 2316 eum
1222 2233 1562 2339 [ruina]
1618 2233 1809 2314 erit?

1712 2421 1969 2520 VIII.

478 2587 544 2659 1.
641 2584 859 2661 Dixit
890 2583 1139 2661 Arabs
1179 2579 1514 2685 quidam
1555 2579 1728 2658 filio
1765 2605 1955 2658 suo:
2009 2576 2091 2655 Si
2126 2588 2492 2674 gravatus
2519 2577 2767 2657 fueris
2804 2581 3078 2684 aliquo
3113 2579 3394 2671 modo,

279 2708 360 2772 et
407 2692 638 2771 facile
686 2697 944 2796 possis
992 2694 1342 2783 liberari,
1393 2718 1497 2770 ne
1559 2706 1984 2795 exspectes,
2052 2689 2238 2793 quia
2295 2688 2494 2766 dum
2548 2696 3024 2795 exspectabis
3075 2696 3394 2773 liberari

273 2808 616 2897 facilius,
681 2810 1124 2907 gravaberis
1193 2801 1569 2910 amplius,
1639 2822 1714 2884 et
1764 2831 1867 2884 ne
1918 2803 2325 2898 contingat
2370 2803 2514 2879 tibi
2570 2808 2794 2908 quod
2848 2809 3179 2908 contigit
3224 2812 3394 2910 gib·

274 2920 486 2999 boso
542 2920 644 2998 de
690 2921 1240 2999 versificatore.
1288 2963 1391 2978 -
1434 2925 1537 2999 Et
1571 2903 2033 3024 quomodo,
2081 2915 2347 3016 pater?
2393 2911 2606 2994 filius
2655 2922 2857 3022 patri
2906 2923 3344 3026 respondit.

472 3036 542 3110 2
624 3036 984 3171 Quidam
1014 3034 1500 3113 versificator
1530 3060 1801 3113 versus
1838 3024 2208 3135 [faciens]
2244 3036 2765 3127 praesentavit
2794 3037 2981 3135 regi.
3076 3041 3179 3114 Et
3224 3038 3396 3116 lau·

276 3147 495 3226 davit
539 3172 672 3226 rex
719 3152 1136 3250 ingenium
1187 3149 1460 3239 suurn,
1511 3147 1897 3252 jussitque
1942 3158 2041 3223 ut
2089 3140 2407 3218 donum
2454 3172 2606 3246 pro
2657 3147 2867 3228 facto
2919 3165 3390 3252 exposceret,

276 3261 440 3358 Qui
489 3261 643 3340 tale
695 3262 1011 3342 donum
1074 3263 1547 3366 expostulat,
1610 3277 1705 3340 ut
1754 3287 1836 3339 se
1886 3259 2311 3361 janitorem
2361 3281 2552 3337 suae
2603 3263 2928 3341 civitatis
2973 3287 3122 3365 per
3166 3286 3392 3341 men-

273 3399 449 3452 sem
496 3372 821 3466 faceret,
895 3391 974 3454 et
1037 3379 1425 3481 acciperet
1489 3377 1588 3456 ab
1654 3375 1880 3451 οιιιιιί
1940 3368 2285 3471 gibboso
2353 3369 2806 3466 denarium,
2884 3390 2962 3453 et
3024 3376 3389 3457 scabioso

277 3486 739 3579 denarium,
822 3506 901 3567 et
962 3492 1411 3571 monoculo
1485 3457 1939 3578 denarium,
2012 3496 2089 3563 et
2150 3480 2718 3590 impetiginoso
2785 3488 3239 3580 denarium,
3315 3504 3395 3570 et

272 3601 661 3680 hernioso
713 3603 1152 3684 denarium.
1305 3602 1553 3704 Quod
1623 3628 1762 3681 rex
1826 3600 2214 3681 concessit
2278 3622 2358 3686 et
2418 3628 2605 3693 suo
2638 3601 2896 3701 sigillo
2958 3601 3388 3683 roboravit.

276 3717 442 3812 Qui
503 3716 947 3802 ministerio
1010 3733 1380 3822 suscepto
1440 3732 1719 3821 portae
1784 3718 2104 3810 assedit,
2180 3734 2258 3798 et
2316 3717 2859 3808 ministerium
2920 3739 3160 3793 suum
3214 3718 3389 3818 egit.

272 3832 349 3907 3.
400 3830 773 3926 Quadam
824 3830 957 3907 die
1003 3833 1387 3932 gibbosus
1436 3834 1645 3911 bene
1694 3847 2070 3944 cappatus
2121 3858 2308 3913 cum
2358 3831 2648 3911 baculo
2698 3844 3017 3934 portam
3050 3831 3386 3909 intravit.

277 3944 434 4021 Cui
480 3943 972 4022 versificator
1008 3945 1304 4025 obvius
1353 3945 1775 4025 denarium
1822 3948 2204 4048 postulat,
2257 3948 2397 4051 qui
2449 3946 2639 4025 dare
2689 3944 3120 4045 denegavit.
3196 3946 3384 4027 Vim

272 4056 665 4136 inferente
697 4059 1276 4150 versificatore,
1328 4059 1529 4138 dum
1581 4062 1992 4165 caputium
2044 4061 2147 4139 de
2198 4061 2474 4163 capite
2503 4060 2707 4137 levat
2739 4053 3173 4159 gibbosum
3202 4083 3386 4137 mo·

269 4172 668 4254 noculum
719 4173 1248 4279 deprehendit
1279 4198 1466 4255 esse.
1550 4178 1785 4254 Duos
1831 4197 2024 4273 ergo
2077 4174 2452 4256 denarios
2498 4173 2851 4279 postulat
2883 4198 2926 4252 a
2960 4198 3127 4277 quo
3161 4173 3386 4275 prius
