3969 4580
1776 134 2012 227 51,

261 342 602 422 narrare,
654 343 887 433 quae
899 325 1177 409 multis
1216 325 1719 457 producatur
1762 320 2176 411 verbis,et
2098 319 2346 399 etsie
2383 334 2465 399 te
2515 318 2874 402 dormire
2918 324 3394 427 permittam'.

264 471 367 517 ι·-
415 446 853 526 Concessit·
876 442 1307 529 fabulator,
1359 453 1435 517 et
1468 438 1593 519 sic
1640 436 1969 537 incepit.

457 566 529 641 3.
624 564 819 639 Erat
863 556 1197 667 quidam
1248 536 1624 640 rusticus,
1689 550 1830 653 qui
1896 549 2120 627 mille
2170 492 2476 626 solidos
2524 550 2822 627 habuit.
2922 552 3070 627 Hic
3124 567 3397 631 autem

262 677 351 752 in
398 674 941 772 negotiatione
1006 668 1521 772 proficiscens
1573 665 2064 766 comparavit
2109 664 2238 739 bis
2285 663 2508 740 mille
2558 689 2787 752 oves,
2852 665 3211 765 singulos
3262 692 3401 747 sex

266 787 630 869 denariis
729 784 1079 863 Accidit
1098 808 1197 859 eo
1245 781 1634 863 redeunte
1686 778 1913 883 quod
1963 800 2249 876 magna
2301 776 2732 855 inundatio
2781 804 3171 885 aquarum
3217 806 3400 858 suc·-

267 915 670 983 cresceret.
785 900 941 995 Qui
992 922 1253 998 quum
1316 919 1582 998 neque
1630 919 1779 995 per
1824 891 2124 971 vadum
2175 915 2440 991 neque
2489 916 2636 993 per
2681 906 3020 993 pontem
3066 897 3400 973 transire

248 1029 573 1116 posset,
637 1012 828 1091 abiit
872 1011 1256 1089 sollicitus
1308 1033 1699 1111 quaerens
1749 1032 1935 1108 quo
1971 1032 2160 1083 cum
2214 1006 2518 1083 ovibus
2550 1007 2714 1082 suis
2759 1007 3160 1083 transvehi
3211 1034 3397 1109 pos·

268 1141 412 1207 set.
510 1126 820 1205 Invenit
864 1124 1197 1203 tandem
1247 1125 1608 1222 exiguam
1658 1121 2146 1209 naviculam,
2199 1132 2279 1198 ct
2323 1120 2785 1196 necessitate
2835 1136 3155 1263 coactus
3195 1121 3397 1199 duas

270 1262 475 1323 oves
517 1241 944 1341 imponens
995 1263 1287 1339 aquam
1337 1237 1660 1313 transiit.
1710 1272 1814 1293 --

464 1356 534 1429 4.
633 1353 773 1429 His
838 1350 1069 1427 dictis
1135 1348 1535 1429 fabulator
1603 1347 2120 1427 obdormivit.
2218 1348 2388 1424 Rex
2449 1346 2854 1448 siquidem
2912 1348 3147 1425 illum
3191 1351 3398 1427 exci-
3463 1384 3470 1405 ‚
3534 1416 3540 1423 .

269 1481 485 1556 tans,
548 1479 645 1543 ut
706 1462 1067 1543 fabulam
1117 1484 1364 1565 quam
1409 1464 1814 1611 inceperat
1859 1461 2132 1538 finiret
2182 1462 2746 1538 commonuit.
2809 1462 3248 1541 Fabulator
3295 1464 3398 1543 ad
3459 1480 3470 1503 ‘

269 1580 506 1659 haec:

467 1697 542 1769 5.
607 1693 936 1769 Fluctus
986 1690 1119 1766 ille
1162 1712 1511 1789 magnus
1562 1704 1706 1780 est,
1755 1688 2117 1769 navicula
2170 1644 2435 1766 autem
2470 1715 2744 1790 parva,
2793 1704 2872 1766 et
2902 1713 3086 1788 grex
3119 1692 3400 1768 ovium

268 1804 911 1909 innumerabilis.
1006 1804 1387 1880 Permitte
1451 1827 1643 1902 ergo
1693 1802 2252 1905 supradictum
2283 1804 2693 1879 rusticum
2743 1824 2925 1879 suas
2974 1802 3403 1883 transferre

262 1944 495 2009 nveS,
546 1933 626 1997 et
676 1943 927 2019 quam
971 1916 1233 2017 incepi
1284 1916 1643 1994 fabulam
1693 1917 1795 1994 ad
1846 1916 2100 1993 finem
2147 1916 2611 2018 perducam.
2662 1954 2760 1973 --

476 2039 545 2109 6.
648 2030 1079 2111 Fabulator
1143 2030 1439 2106 etenim
1509 2031 1671 2107 hoc‘
1733 2030 1992 2106 modo
2058 2054 2333 2128 regem
2403 2031 2685 2127 longis
2751 2029 3029 2107 audire
3087 2030 3399 2108 fabulas

272 2147 745 2245 gestientem
805 2142 1267 2245 pacificavit.
1389 2148 1655 2238 Quare
1723 2145 1785 2218 si
1853 2143 2196 2244 amplius
2259 2167 2395 2219 me
2460 2142 2879 2243 praedictis
2949 2145 3186 2221 etiam
3255 2146 3403 2223 alia

272 2260 698 2342 subtexere
720 2275 735 2320 ἱ
761 2256 1278 2358 compuleris,
1353 2254 1515 2355 jam
1592 2255 1781 2333 dicti
1860 2255 2264 2358 praesidio
2343 2255 2681 2358 exempli
2760 2280 2896 2333 me
2945 2256 3406 2336 deliberare

270 2376 657 2452 conabor.
700 2411 817 2444 ..—-
879 2369 1368 2471 Discipulus:
1422 2371 1749 2447 Dictum
1802 2385 1922 2447 est
1965 2372 2054 2447 in
2106 2370 2455 2471 antiquis
2488 2372 2940 2471 proverbiis
2968 2372 3195 2474 quod
3231 2397 3405 2450 non

266 2486 562 2567 eadem
618 2483 1248 2585 compunctione
1300 2481 1524 2560 dolet
1573 2483 1713 2584 qui
1764 2509 1921 2585 pro
1966 2485 2458 2561 muneribus:
2494 2484 3065 2562 lacrimatur-et
3099 2487 3236 2588 qui
3276 2488 3404 2564 sui

272 2600 649 2701 corporis
701 2597 988 2676 dolore
1037 2610 1439 2693 gravatur}
1509 2619 1776 2697 neque
1836 2621 2110 2696 regem
2179 2597 2382 2675 adeo
2438 2598 2708 2674 dilexit
2751 2596 3154 2674 fabulator
3203 2600 3407 2677 sicut

282 2726 366 2792 et
409 2726 505 2789 tu
551 2734 689 2788 me
739 2707 1021 2805 diligis,
1090 2749 1097 2758 ¹
1145 2712 1211 2785 7.
1275 2707 1555 2786 Voluit
1614 2723 1883 2786 autem
1943 2709 2235 2786 fabulis
2285 2712 2449 2786 suis
2501 2727 2694 2786 eum
2741 2709 3239 2839 aliquamdiu
3279 2737 3408 2791 se-

276 2824 603 2913 ducere,
648 2837 747 2906 ιιι
796 2843 987 2897 vero
1032 2845 1191 2910 ·,me
1244 2820 1755 2923 discipulum,
1802 2824 2162 2901 minime.
2236 2822 2474 2901 Unde
2521 2845 2809 2924 precor
2851 2849 2960 2902 ne
3003 2824 3169 2923 ja‘m
3217 2851 3406 2929 pro-

280 2952 596 3016 motam
644 2935 1186 3020 narrationem
1234 2933 1493 3013 modo
1544 2936 1735 3013 velis
1786 2937 2265 3027 subducere,
2316 2936 2458 3014 sed
2503 2938 2933 3040 praelibata
2965 2940 3404 3019 mulierum
3497 2973 3528 2986 -

281 3050 606 3216 ingenia
655 3048 1073 3148 diligenter
1118 3046 1403 3150 pande.
1454 3091 1551 3109 -
1598 3050 2006 3150 Magister:

1704 3235 2000 3356 xlv.
2027 3197 2032 3206 ’

482 3414 551 3487 1.
621 3411 950 3488 Dictum
1016 3415 1137 3487 est
1195 3408 1423 3511 quod
1490 3409 1826 3513 quidam
1890 3411 2184 3492 nobilis
2237 3403 2621 3513 progenie
2682 3411 3407 3518 haberet-uxorem

292 3535 586 3601 castam
608 3519 965 3599 ⁴nimium
1003 3537 1091 3610 et,
1113 3519 1631 3601 formosam.
1624 3525 2011 3624 Contigit
2041 3525 2247 3603 forte
2274 3525 2499 3626 quod
2529 3527 2912 3630 orationis
2941 3526 3215 3608 studio
3243 3527 3409 3604 Ro*-

280 3657 512 3714 mam
544 3636 777 3711 vellet
826 3635 1061 3713 adire.
1140 3639 1304 3715 sed
1355 3631 1606 3715 alium
1654 3638 2077 3715 custodem
2125 3639 2357 3715 uxori
2410 3660 2599 3714 suae
2650 3638 2799 3713 nisi
2855 3653 3106 3716 semet
3152 3619 3410 3740 ipsam

272 3747 560 3828 'noluit
608 3749 1008 3851 deputare,
1054 3745 1269 3829 illius
1320 3743 1547 3830 castis
1594 3751 1964 3829 moribus
2016 3754 2201 3830 satis
2252 3750 2626 3839 confisus,
2673 3765 2755 3855 et
2800 3753 3214 3856 probitatis
3255 3754 3413 3831 ho'-

282 3861 497 3941 hom.
578 3863 747 3939 Hic
799 3875 1066 3938 autem
1114 3880 1390 3980 parato
1427 3871 1885 3944 commeatu
1918 3868 2127 3944 abiit.
2225 3872 2295 3944 2.
2348 3873 2568 3947 Uxor
2599 3883 2787 3944 vero
2827 3873 3031 3944 caste
3065 3863 3409 3944 vivendo

280 3991 377 4054 *et
420 3978 507 4053 in
564 3976 991 4053 omnibus
982 3971 1439 4094 prudenter
1487 3997 1723 4079 agens
1771 3982 2169 4058 remansit.
2266 3971 2574 4059 Accidit
2611 3977 2948 4058 ‘tandem'
2999 3978 3226 4083 quod
3277 3983 3413 4056 n'e-

274 4087 668 4167 {essitate
719 4083 1151 4192 compulsa
1198 4120 1240 4170 a
1310 4093 1565 4176 domn
1618 4117 1759 4171 sua
1800 4096 2132 4206 {propria
2169 4105 2411 4174 sua'm
2463 4107 3024 4173 conmutatum
3073 4094 3414 4196 vicinam

278 4203 826 4304 egredeoeetur
904 4208 1163 4302 Quae
1221 4222 1543 4313 peracto
1606 4201 1935 4310 negotio'
1997 4209 2114 4289 ad
2162 4208 2622 4316 piopria'm'
2635 4191 3030 4286 remeavit.
3141 4183 3414 4302 Quam
3551 4272 3561 4283 ,

2585 4327 2717 4402 7.

3671 4491 3922 4543 Α
