3969 4580
297 308 767 431 loqueretur
812 323 1047 399 venit
1074 304 1386 425 primus
1438 305 1802 399 deferens
1853 278 2270 411 scrinium,
2337 323 2506 400 aliis
2570 348 2613 400 a
2661 316 2902 423 longe
2965 323 3124 422 jam
3177 321 3410 429 appa-
3415 260 3427 302 '

296 420 685 517 rentibus
773 437 1115 513 Interim
1146 434 1563 569 deceptus
1585 450 2196 538 praeceptorum
2259 437 2565 513 vetulae
2625 462 2798 514 non
2868 440 3163 518 oblitus
3227 453 3415 543 post

204 546 209 555 ’
296 552 677 652 primum
715 550 1103 671 scrinium
1166 549 1395 626 sicut
1432 551 1502 627 ei
1564 564 2079 659 praeceptum
2145 549 2416 627 fuerat
2465 552 2694 626 venit.
2794 553 2938 628 Ille
2999 576 3190 629 vero
3268 553 3408 654 qui

294 654 759 773 pecuniam
746 648 1167 739 celaverat
1224 663 1515 789 plenus
1576 666 1981 767 nequitiae
2031 678 2110 740 et
2155 663 2411 740 malae
2463 665 2682 753 artis»,
2745 678 2846 741 ut
2899 662 3094 741 vidit
3142 666 3409 742 homi-

294 798 489 854 nem
555 764 1008 853 venientem
1080 776 1206 851 cui
1280 776 1706 879 pecuniam
1784 779 2190 866 celaverat,
2267 778 2558 855 timeus
2627 802 2767 867 ne,
2841 779 2903 852 si
2980 779 3408 880 pecuniam

296 914 522 967 suam
566 890 1033 1021 require-ret,
1084 886 1283 965 alius
1335 890 1503 989 qui
1524 892 1951 993 pecuniam
2002 915 2233 967 suam
2267 888 2714 966 adducebat
2761 890 2944 966 sibi
2964 916 3133 967 non
3185 917 3406 968 com-

294 1002 674 1091 mitteret,
737 1003 997 1079 statim
1058 1016 1335 1079 contra
1387 1026 1577 1080 eum
1641 1006 1749 1081 ita
1817 990 2165 1082 dicendo
2217 1003 2589 1105 perrexit·
2660 1009 2729 1081 9.
2784 1007 2856 1082 Ο
2912 1006 3197 1093 amice,
3258 1007 3403 1082 ubi

290 1128 461 1193 tam
512 1114 655 1191 diu
703 1114 1009 1192 fuisti?
1029 1130 1120 1192 et
1167 1104 1312 1192 ubi
1377 1129 1740 1192 moratus
1807 1119 1934 1193 es?
2003 1106 2205 1196 Veni
2260 1130 2339 1193 et
2386 1116 2651 1216 ac‘cipe
2701 1110 3126 1216 pecuniam
3177 1132 3403 1194 tuam

290 1227 487 1335 fidei
536 1218 759 1305 {meae
793 1228 951 1327 jam
987 1228 1133 1306 diu
1172 1229 1839 1318 commendatam,
1894 1232 2281 1332 quoniam
2333 1230 2620 1316 inveni,
2673 1243 2752 1306 et
2800 1230 3099 1308 amodo
3137 1231 3404 1309 taedet

290 1364 426 1420 me
461 1342 878 1419 custodire.
913 1382 1014 1403 -—
1057 1344 1161 1419 At
1204 1343 1339 1419 ille
1388 1330 1635 1423 laetus
1672 1341 2001 1420 effectus
2033 1344 2329 1446 recepit
2361 1336 2784 1445 pecuniam
2819 1345 3102 1441 gratias
3143 1366 3398 1443 agens

291 1456 597 1538 Vetula
624 1472 893 1533 autem
941 1469 1035 1532 ut
1080 1456 1280 1533 vidit
1324 1443 1749 1535 hominem
1798 1458 2227 1558 pecuniam
2277 1483 2503 1533 suam
2556 1455 2883 1545 habere,
2936 1461 3271 1541 surrexit
3321 1473 3399 1536 et

289 1569 587 1672 inquit.
629 1571 939 1648 Ibimus
1004 1593 1151 1668 ego
1206 1584 1284 1646 et
1343 1573 1607 1649 socius
1655 1595 1886 1646 meus
1939 1585 2214 1649 contra
2265 1569 2600 1647 scrinios
2652 1587 3002 1660 nostrOS,
3053 1586 3133 1648 et
3184 1571 3395 1648 festi-

289 1696 480 1761 nar‘e
506 1682 1122 1786 praecipiemus,
1199 1690 1332 1760 Tu
1376 1708 1567 1762 vero
1623 1697 1935 1786 expecta
1989 1678 2251 1761 donec
2298 1681 2741 1772 redeamus,
2795 1699 2871 1762 et
2917 1686 3124 1767 bene
3175 1708 3393 1761 serva

291 1796 520 1901 quod
571 1795 729 1895 ja'm
788 1797 1286 1874 adduximus.
1387 1802 1501 1875 10.
1562 1798 1706 1875 Ille
1755 1811 2022 1875 autem
2073 1796 2324 1875 laetus
2376 1799 2649 1874 animo
2703 1800 2930 1900 quod
2994 1813 3396 1900 acceperat

290 1912 652 2001 servavit,
714 1909 1303 2023 adventumqye
1368 1937 1654 1989 eorum
1708 1935 1931 2013 quae
1962 1913 2362 1988 restabant
2410 1911 2672 1988 adhuc
2725 1912 3193 2013 expectabat.
3291 1915 3393 1997 Et

286 2025 394 2102 ita
442 2024 667 2101 bono
718 2026 1044 2122 ingenio
1097 2024 1402 2101 vetulae
1449 2025 1761 2102 reddita
1811 2022 1966 2099 fuit
2015 2025 2202 2101 viro
2238 2050 2554 2101 summa
2603 2027 3007 2124 pecuniae.

481 2143 595 2215 11.
675 2137 1163 2239 Discipulus:
1212 2136 1438 2214 Istud
1477 2140 1777 2213 mirum
1831 2135 2014 2237 [ita]
2051 2135 2206 2212 fuit
2245 2137 2658 2235 ingenium
2700 2152 2934 2239 atque
2967 2139 3193 2225 utile3
3239 2162 3392 2215 nec

283 2264 486 2354 puto
537 2251 766 2354 quod
817 2252 1101 2382 aliquis
1148 2236 1683 2360 philosophus
1733 2248 2106 2327 subtilius
2177 2250 2587 2349 cogitaret,
2640 2276 2788 2353 per
2862 2252 3089 2354 quod
3138 2252 3388 2330 levius

283 2365 406 2444 vir
453 2391 682 2442 suam
729 2366 1153 2467 pecuniam
1203 2363 1720 2466 recuperaret.

360 2511 395 2577 ¹,
476 2481 878 2577 Magister.
925 2482 1140 2554 Bene
1188 2489 1459 2580 posset
1507 2503 1654 2554 suo
1710 2477 2048 2558 naturali
2096 2478 2421 2577 ingenio
2470 2478 3007 2580 philosophus
3057 2477 3332 2556 facere.

481 2594 598 2667 12
672 2591 1158 2690 Discipulus.
1205 2595 1416 2666 Haec
1464 2589 1672 2666 bene
1708 2591 1981 2676 cred03
2032 2591 2173 2668 sed
2225 2592 2288 2665 si
2342 2590 2653 2691 aliquos
2702 2592 3381 2693 philosophorum

282 2703 606 2782 habitus
651 2703 1074 2806 reposuisti
1123 2699 1594 2799 hujusmodi
1643 2702 1728 2776 in
1793 2704 2078 2780 cordis
2111 2703 2568 2791 armariolo,
2630 2703 2913 2800 largire
2959 2706 3198 2795 mihi,
3265 2705 3388 2782 di-

283 2820 615 2922 scipu10‚
667 2830 753 2893 et
793 2839 941 2915 ego
993 2814 1217 2892 fideli
1270 2815 1709 2891 memoriae
1759 2796 2372 2903 commendzffio,
2420 2831 2513 2892 ut
2562 2817 3054 2919 quandoque
3105 2821 3382 2897 condi:-

285 2932 629 3036 scipulis
669 2930 869 3008 lacte
928 2927 1494 3096 philosophico
1554 2925 1938 3021 educatis»,
2013 2921 2668 3008 delicatissimum
2738 2921 3002 3031 largiri
3075 2932 3383 3034 possim

286 3048 774 3146 alimentum.
1362 3081 1367 3086 ·

473 3158 877 3300 Magister.

1672 3349 1971 3444 XVII.

480 3507 546 3580 1.
632 3503 984 3603 Contigit
1046 3501 1282 3607 'quod
1335 3500 1661 3602 quidam
1716 3505 1971 3582 homo
2022 3501 2306 3580 habuit
2364 3500 2664 3592 filium,
2732 3505 2859 3580 cui
2918 3515 3102 3604 post
3158 3522 3378 3577 mor-

279 3629 452 3724 tem
496 3615 698 3693 nihil
747 3631 1057 3718 praeter
1104 3618 1448 3694 domum
1501 3617 1819 3716 dimisit.
1917 3620 2072 3694 Iste
2138 3641 2325 3692 cum
2385 3639 2679 3715 magno
2730 3614 3007 3693 labore
3057 3615 3379 3716 corpori

282 3751 435 3807 suo
486 3729 611 3806 vix
664 3732 899 3807 etiam
960 3753 1166 3832 quae
1228 3745 1506 3808 natura
1568 3731 1800 3830 exigit
1858 3729 2439 3833 suppeditabat3
2520 3744 2597 3806 et
2665 3734 2935 3807 tanfen
3011 3727 3378 3818 domum,

279 3842 465 3921 licet
511 3857 832 3921 coactus
878 3859 1166 3940 magna
1228 3843 1512 3933 inedia,
1576 3845 1921 3923 vendere
1973 3843 2315 3921 nolebat.
2423 3844 2782 3920 Habebat
2845 3841 3110 3920 autem
3172 3867 3381 3945 puer

277 3957 413 4034 ille
463 3956 873 4061 quendam
938 3956 1289 4032 vicinum
1336 3957 1561 4036 valde
1613 3959 1974 4048 divitem,
2042 3957 2181 4059 qui
2250 3958 2594 4035 domum
2659 3981 2923 4034 emere
2991 3958 3376 4088 cupiebat,
3409 3979 3428 3994 ‘

278 4082 374 4145 ut
432 4095 659 4147 suam
743 4070 1167 4170 largiorem
1230 4069 1535 4149 faceret.
1631 4075 1699 4149 2
1777 4078 1991 4150 Puer
2053 4067 2318 4147 autem
2393 4095 2541 4147 nec
2602 4083 2870 4173 prece
2900 4094 3047 4147 nec
3116 4069 3374 4172 pretio

276 4181 623 4264 vendere
670 4185 1005 4265 volebat.
1096 4183 1352 4284 Quod
1398 4200 1831 4289 postquam
1878 4185 2100 4268 dives
2147 4182 2282 4262 ille
2333 4186 2755 4374 comperig,
2808 4183 3101 4286 quibus
3160 4183 3382 4281 inge-
