3969 4580
145 4199 162 4210 '
263 4192 483 4273 solae
528 4190 729 4269 telae
779 4185 1191 4265 sufficiunt
1240 4183 1344 4261 ei
1339 4180 1672 4259 ulnae.-

1776 127 1902 220 83

287 318 591 398 artibus
653 316 823 419 ejus
888 340 1154 397 avaras
1201 313 1965 414 fugiemus‘manus'.
2010 352 2115 375 --
2178 317 2253 394 2
2322 315 2605 398 Filiusz
2663 324 3375 424 Quomodo.'ergo,

283 457 389 511 ne
438 434 681 510 nimis
729 432 1008 521 laedat,
1059 431 1678 509 sustinebimus?
1726 473 1823 488 —
1872 434 2131 509 Pater:
2180 434 2333 509 Fac
2370 434 2572 512 sicut
2603 434 2794 516 dicit
2823 424 3357 521 versificatorz'

541 570 552 577 ·
733 546 986 645 Quod
1031 548 1277 624 vitare
1329 545 1631 646 nequis,
1683 545 2107 622 constanti
2127 547 2423 625 sustine
2471 558 2773 643 mente3

831 663 982 750 Sic,
993 685 1241 764 quae
1293 660 1492 735 dura
1545 658 1710 734 fuit.
1745 678 1989 748 mors,
2038 660 2187 736 tibi
2236 660 2450 738 mitis
2502 663 2661 741 erit.
3018 700 3051 711 ··

475 777 546 852 3.
605 770 934 853 Dictum
970 750 1087 853 est
1136 772 1236 850 de
1288 771 1650 874 quodam
1686 773 2201 875 philosopho,
2252 776 2474 876 quod
2510 801 2654 878 per
2682 780 3107 884 antiquum·
3120 792 3395 860 trans-

277 889 451 967 iens
514 888 1028 974 cimiterium,
1092 886 1476 963 laminam
1524 884 1723 962 vidit
1769 912 2310 965 marmoream
2363 884 2777 986 cujusdam
2822 897 3126 974 mortui
3176 896 3387 972 eine·

275 994 520 1080 ribus
561 998 1167 1103 superpositam.
1268 998 1431 1078 Sed
1498 998 1586 1074 in
1652 1024 1740 1077 ea
1801 1025 2077 1078 versus
2125 998 2483 1097 inscripti
2529 1001 2795 1079 verba:
2814 1008 3104 1105 sepulti
3163 1026 3401 1111 prae--⁴

273 1108 778 1196 tex-euntibus
822 1113 1230 1235 loquentis
1277 1109 1827 1209 exprimebant
1872 1103 2036 1187 hoc
2084 1106 2378 1185 modo·

580 1230 649 1303 4.
723 1232 854 1304 Tu
901 1250 1160 1343 prope
1212 1223 1350 1325 qui
1401 1217 1704 1305 transis»,
1755 1240 1903 1293 nec
1955 1217 2186 1294 dicis.
2236 1224 2520 1301 Aveto!
2567 1225 2883 1316 resistez

735 1330 742 1339 ⁸
874 1332 1227 1418 Auribus
1277 1349 1356 1412 et
1403 1328 1672 1411 corde
1701 1330 1898 1406 h'aec
1945 1332 2131 1406 mea'
2181 1329 2386 1408 dicta
2434 1344 2639 1411 tene.
2844 1400 2851 1409 .

701 1457 908 1532 Sum
960 1449 1187 1553 quod
1238 1449 1421 1534 eris;
1474 1440 1701 1548 quod
1755 1468 1837 1519 es
1886 1442 2007 1519 fui
2057 1444 2248 1567 ipse,
2301 1442 2612 1522 derisor
2659 1472 3002 1531 amarae

876 1565 1178 1652 Mortis»,
1231 1556 1431 1638 dum
1481 1559 1705 1636 licuit
1752 1581 1948 1659 paee
1991 1554 2311 1655 juvante
2340 1557 2849 1637 frui..

703 1678 866 1759 Sed
901 1678 1282 1755 veniente
1330 1698 1526 1753 nece
1571 1696 1975 1775 posquam
2027 1694 2210 1746 sum
2260 1686 2532 1773 raptus
2583 1673 2857 1753 amieis

874 1797 1138 1894 Atque
1186 1789 1386 1866 meis
1434 1786 1776 1872 famulis,
1829 1784 2047 1860 orba
2077 1799 2403 1884 parente
2455 1784 2753 1864 domus

697 1913 835 1989 Me
884 1904 1229 1983 contexit
1275 1902 1553 1989 hu'mo,
1607 1896 2209 1998 deploravitque
2257 1894 2666 1995 jacentem,

870 2024 1128 2153 Inque
1176 2041 1406 2092 meos
1457 2015 1758 2088 cineres
1806 2010 2088 2085 ultima
2142 2007 2358 2084 dona
2410 2008 2650 2087 dedit.

666 2134 869 2215 Inde
917 2126 1079 2209 mei
1131 2120 1418 2205 vultus
1447 2123 1803 2203 corrodit
1849 2134 2085 2199 terra
2105 2122 2477 2206 nitorem,

869 2253 1255 2347 Quaeque
1304 2238 1458 2317 suit
1504 2239 1813 2316 formae
1841 2230 2117 2336 gloria
2166 2255 2453 2331 magna
2502 2227 2718 2328 jacet,

666 2367 974 2467 Meque
1013 2361 1256 2437 fuisse
1303 2355 1570 2430 evii-um
1618 2371 1971 2451 nequeas
2008 2369 2483 2446 Παςιιοεεετε
2519 2343 2584 2419 si
2633 2340 2797 2442 jam

864 2477 1004 2556 Ad
1027 2475 1303 2549 visum
1353 2467 1586 2548 fuero
1638 2465 1845 2543 forte
1896 2469 2237 2540 retectus
2290 2459 2573 2536 humo.

595 2596 878 2692 Ergo
917 2581 1196 2664 Deum
1245 2605 1396 2683 pro
1437 2604 1582 2668 me
1633 2604 1820 2656 cum
1868 2602 2077 2679 pura·
2121 2587 2390 2651 mente
2437 2592 2781 2674 precare,

866 2701 976 2782 Ut
1021 2696 1223 2775 mihi
1274 2706 1655 2800 perpetua
1703 2715 1896 2794 pace
1945 2690 2104 2765 frui
2154 2688 2511 2772 tribuat3

662 2821 764 2898 Et
813 2817 1278 2924 quicunque
1326 2820 1613 2905 nogant
1657 2831 1832 2934 pro·
1843 2817 2013 2891 me;
2066 2807 2520 2902 comportet
2564 2794 2653 2871 in
2674 2809 2973 2882 unum.
3116 2817 3125 2824 ‘

451 2963 458 2992 ι
537 2975 544 2986 -
745 2969 758 2986 ,
857 2936 967 3010 Ut
1013 2945 1336 3001 mecum
1387 2933 1763 2996 maneant
1809 2918 1895 2991 in
1945 2916 2279 3013 regione
2325 2910 2549 3015 poli..
3050 2917 3059 2926 ’

377 3054 524 3129 ὅ.
593 3045 936 3127 Relectis
984 3043 1278 3117 iterum
1332 3049 1408 3112 et
1455 3035 1744 3111 iterum
1797 3029 2156 3107 versibus
2203 3027 2402 3117 istis,
2462 2977 2999 3103 saecfflaribus
3044 3030 3376 3121 post-po·
3420 3049 3433 3056 ·

260 3167 449 3314 sitis,
497 3162 750 3296 factus
799 3173 917 3240 est
965 3155 1302 3234 eremita
1339 3145 1895 3253 philosophus.

757 3309 768 3326 ’
1093 3317 1104 3328 ’
1261 3289 1270 3320 ’
1389 3297 1400 3310 ’
1558 3307 2137 3442 xxxvm.

555 662 596 693 q

263 3567 537 3712 aurea·
601 3631 680 3697 et
735 3621 818 3694 in
881 3617 1160 3720 pervio
1228 3599 1612 3689 omnibus
1675 3604 1778 3681 ad
1838 3619 2132 3680 terram
2172 3598 2460 3738 posita.
2556 3592 2684 3672 Ad
2732 3614 2981 3695 quam
3030 3585 3373 3693 “plurimi
3455 3664 3461 3673 ,

263 3743 815 3820 convenerunt
859 3726 1345 3832 philosophi,
1399 3723 1500 3799 de
1552 3719 1847 3836 quibus
1899 3720 2005 3795 ait
2052 3738 2305 3794 unus·

452 3854 525 3930 2.
585 3844 1052 3926 Alexander
1091 3868 1191 3918 ex
1247 3863 1442 3916 auro
1493 3827 1712 3913 fecit
1727 3833 2226 3917 thesaurum3
2291 3846 2511 3902 nunc
2534 3832 2679 3898 est
2724 3767 3176 3904 conversio,
3235 3836 3374 3895 au-

260 3989 452 4045 rum
501 3962 606 4041 de
655 3973 756 4039 eo
806 3957 991 4035 facit
1037 3941 1524 4031 thesaurum.

457 4082 528 4157 3.
610 4075 861 4153 Alius:
911 4071 1112 4148 Heri
1153 4079 1368 4145 totus
1419 4085 1589 4142 non
1639 4055 2088 4139 sufficiebat
2136 4056 2245 4136 ei
2258 4048 2638 4130 mundus.
2705 4045 3007 4126 Hodie·
3025 4053 3377 4146 quatuor

2576 4239 2847 4354 11⁸⁸
