3969 4580
1914 140 2155 279 ‘34

547 326 811 418 nem,⁸
860 350 1099 430 quae,
1128 318 1253 405 *ne
1300 327 1656 407 taedium
1706 328 2085 420 incurrat,
2137 330 2363 433 quasi
2411 328 2931 432 provehendo
2967 323 3238 432 paucis
3276 343 3353 408 et
3380 329 3654 432 paucis

545 441 1006 521 instruenda
1059 454 1204 529 est3
1277 441 1613 520 duritiae
1677 444 1941 521 cordis
2005 442 2173 541 ejus
2223 443 2715 533 recordatuS,
2791 460 2883 522 ut
2927 444 3237 522 facilius
3287 444 3651 533 retineat,

546 555 1162 658 quodammodo
1214 557 1655 634 necessario
1706 557 2148 635 mollienda
2214 572 2290 635 et
2342 555 2866 635 dulcificanda
2919 573 3064 635 est:
3141 558 3328 661 quia
3379 570 3459 634 et
3506 554 3650 634 ob·

544 669 821 747 liviosa
873 683 1022 758 est,
1073 683 1149 746 et
1195 669 1468 761 multis
1517 670 1852 770 indiget,
1904 695 2113 773 quae
2164 670 2603 751 oblitorum
2653 664 2942 748 faciant
2988 670 3411 749 recordari.
3567 738 3574 745 .

739 785 810 871 4,
858 786 1285 884 Propterea
1339 805 1526 880 ergo
1579 784 1940 861 libellum
1994 785 2397 914 compegi,
2444 782 2735 885 partim
2784 809 2877 860 ex
2914 784 3355 887 proverbiis
3390 781 3651 884 philo·

544 895 997 997 sophorum
1049 909 1127 972 et
1172 897 1337 971 suis
1388 897 2061 995 castigationibus,
2109 898 2401 999 partim
2453 921 2545 972 ex
2592 900 3034 997 proverbiis
3088 911 3165 975 et
3214 897 3651 994 castigatio-

543 1008 785 1086 nibus
831 1009 1185 1086 Arabicis
1235 1022 1312 1084 et
1356 1008 1646 1085 fabulis
1699 1023 1775 1085 et
1820 1010 2210 1099 versibuS,
2268 1009 2560 1117 partim
2625 1033 2717 1085 ex
2766 1011 3236 1087 animalium
3302 1024 3379 1085 et
3426 1008 3652 1086 volu·

546 1146 774 1199 crum
825 1121 1502 1199 similitudinibus.
1598 1123 1947 1201 Modum
2006 1137 2276 1199 tamen
2329 1098 2856 1210 consideravi,
2921 1147 3060 1211 ne,
3124 1123 3189 1196 si
3238 1121 3468 1224 plura
3518 1146 3655 1200 ne-

547 1235 897 1312 cessariis
948 1236 1434 1336 scripserim,
1485 1237 1773 1338 scripta
1824 1236 2049 1313 oneri
2103 1236 2374 1337 potius
2425 1238 2581 1313 sint
2630 1233 2906 1312 lectori
2960 1258 3205 1335 quam
3256 1234 3652 1325 subsidiO,

548 1361 628 1425 et
688 1347 1132 1445 legentibus
1206 1360 1283 1424 et
1343 1349 1853 1431 audientibus
1923 1349 2081 1424 sint
2148 1346 2637 1425 desiderium
2702 1362 2779 1424 et
2845 1348 3153 1423 occasio
3210 1347 3656 1434 ediscendi;

547 1461 879 1537 scientes
928 1485 1116 1537 vero
1167 1485 1312 1561 per
1363 1485 1452 1537 ea
1503 1486 1708 1562 quae
1757 1462 1890 1537 hic
1954 1461 2469 1539 continentur
2517 1460 2959 1537 oblitorum
3009 1458 3656 1550 reminiscantur,

545 1574 744 1652 huic
789 1573 1061 1650 libello
1111 1596 1414 1650 nomen
1467 1571 1919 1671 injungens,
1972 1590 2050 1651 et
2101 1589 2218 1650 est
2264 1596 2567 1652 nomen
2619 1599 2716 1652 ex
2765 1598 2884 1649 re:
2941 1571 3457 1650 Clericalis
3510 1574 3655 1653 di·

548 1686 1004 1789 sciplina,
1050 1685 1316 1763 reddit
1350 1687 1565 1763 enim
1602 1686 1979 1764 clericum
2032 1688 2645 1819 disciplinatum.
2741 1683 3181 1765 Vitandum
3217 1697 3486 1765 tamen
3520 1686 3654 1765 de·-

551 1802 759 1878 crevi
808 1824 959 1901 pro
1009 1799 1527 1900 possibilitate
1577 1825 1855 1877 sensus
1901 1802 2098 1890 mei,
2161 1825 2263 1877 ne
2328 1800 2524 1902 quid
2590 1802 2677 1877 in
2727 1811 3008 1876 nostro
3057 1810 3395 1877 tractatu
3441 1800 3656 1876 inve-

547 1912 834 2002 niatur,
882 1911 1110 2013 quod
1159 1927 1476 1991 nostrae
1525 1913 1968 1991 credulitati
2018 1915 2118 1990 sit
2149 1914 2638 1991 contrarium
2673 1912 2798 1990 vel
2833 1938 2877 1988 a
2911 1925 3179 1988 nostra
3213 1909 3376 1988 fide
3405 1910 3714 2019 diver-

548 2052 752 2109 sum.
802 2024 922 2103 Ad
959 2022 1187 2155 quod
1237 2023 1551 2124 adjuvet
1597 2051 1731 2104 me
1782 2028 2302 2128 omnipotens
2321 2029 2558 2116 Deus,
2609 2026 2737 2107 cui
2790 2025 3262 2126 supernitor.
3312 2028 3592 2107 Amen.

745 2143 815 2217 5.
870 2138 952 2215 Si
1030 2139 1211 2240 quis
1282 2153 1550 2216 tamen
1614 2141 1772 2243 hoc
1835 2140 2320 2243 opusculum
2385 2141 2747 2217 humano
2837 2153 2917 2216 et
2977 2138 3340 2217 exteriori
3405 2139 3647 2217 oculo

553 2253 1050 2357 percusserit,
1101 2245 1179 2329 et
1228 2250 1426 2353 quid
1475 2251 1562 2328 in
1597 2276 1715 2341 eo,
1768 2253 1994 2354 quod
2044 2254 2396 2331 humana
2443 2276 2732 2355 parum
2782 2253 2983 2331 cavit
3025 2267 3325 2344 natura,
3357 2253 3660 2345 viderit,

555 2366 955 2444 subtiliori
1007 2365 1247 2470 ocu‘lo
1298 2365 1594 2441 iterum
1645 2378 1725 2441 et
1768 2366 2064 2442 iterum
2112 2369 2458 2465 relegere
2488 2392 2816 2457 moneo,
2867 2382 2946 2448 et
2995 2367 3526 2469 demumjpsi
3582 2383 3659 2446 et

555 2480 938 2558 omnibus
989 2476 1418 2583 catholicae
1465 2475 1659 2554 fidei
1706 2475 2072 2579 perfectis
2123 2479 2687 2579 corrigendum
2737 2501 3084 2584 appono.
3184 2480 3405 2562 Nihil
3441 2480 3656 2568 enim

552 2593 641 2671 in
687 2589 1064 2670 humanis
1111 2590 1708 2686 inventionibus
1756 2591 2202 2693 perfectum
2248 2608 2474 2697 putat
2519 2594 3074 2698 philosophus.

2048 2780 2166 2880 Π.

753 2937 823 3011 1.
867 2931 1194 3011 Enoch
1247 2931 1491 3030 igitur
1534 2932 2110 3038 philosophus,
2158 2937 2297 3039 qui
2345 2927 2619 3035 lingua
2665 2934 2994 3013 Arabica
3043 2931 3661 3072 cognominatur

554 3046 880 3137 EdriS,
933 3047 1125 3128 dixit
1174 3044 1343 3122 filio
1397 3070 1584 3123 suo.

756 3162 1043 3240 Timor
1074 3158 1407 3236 Domini
1458 3159 1558 3235 sit
1604 3159 1689 3234 in
1738 3160 2280 3259 negotiatione
2327 3173 2482 3250 tua,
2517 3173 2612 3240 et
2655 3159 2924 3242 veniet
2956 3157 3102 3237 tibi
3135 3158 3448 3238 lucrum
3485 3159 3658 3244 sine

555 3266 873 3370 labore.
901 3317 998 3333 —
1045 3277 1123 3350 2.
1165 3273 1387 3349 Alius
1433 3272 1968 3375 philosophus
2020 3271 2248 3350 dixit.

750 3389 917 3485 Qui
965 3388 1195 3463 timet
1221 3388 1508 3476 Deum,
1562 3384 1816 3486 diligit
1864 3412 2075 3464 eum.
2175 3387 2336 3484 Qui
2368 3389 2637 3467 Deum
2689 3388 2968 3552 diligit,
3021 3382 3299 3464 obedit
3327 3387 3525 3468 Deo.
3557 3431 3658 3449 -

556 3502 628 3580 3.
673 3502 879 3582 Item
931 3501 1133 3578 alius
1179 3500 1747 3602 philosophus:

751 3616 910 3712 Qui
960 3616 1190 3693 timet
1219 3617 1521 3704 Deum,
1571 3613 1846 3690 omnia
1893 3613 2181 3692 timent
2229 3638 2456 3696 eum.
2505 3616 2647 3718 qui
2679 3640 2869 3698 vero
2904 3641 3076 3698 non
3107 3617 3660 3709 timetDeum.

557 3724 791 3805 timet
835 3730 1131 3807 omnia
1176 3769 1283 3785 -

753 3841 826 3916 4.
871 3845 1075 3922 Item
1123 3842 1372 3917 Arabs
1420 3838 1592 3916 filio
1642 3864 1793 3917 suo
1846 3837 2070 3919 dixit.

755 3954 841 4031 Si
892 3953 1222 4031 simulas
1271 3968 1349 4030 te
1371 3957 1638 4032 Deum
1689 3980 1975 4046 amare,
2024 3969 2104 4033 et
2145 3955 2624 4036 inobediens
2658 3980 2740 4034 es
2772 3959 2969 4048 Deo,
3018 3943 3504 4036 incredibile
3523 3971 3657 4035 est.

563 4064 653 4146 Si
699 4067 918 4145 enim
948 4091 1153 4144 vere
1200 4093 1539 4156 amares,
1591 4069 1662 4145 ei
1714 4068 2105 4148 obedires.
2200 4072 2408 4148 Nam
2455 4072 2598 4174 qui
2649 4086 2893 4164 amat,
2941 4072 3237 4152 obedit.
3284 4109 3386 4128 —-

755 4185 829 4259 5.
881 4184 1330 4260 Socrates
1380 4180 1575 4262 dixit
1620 4181 2032 4285 discipulis
2077 4181 2278 4262 suis:
