3969 4580
1778 86 1901 179 69

274 277 585 369 debeo,
629 275 817 381 ῥύη
868 272 1340 353 concessisti.
1386 311 1492 330 —-
1563 276 1634 352 2.
1682 275 2073 354 Dixerunt
2128 274 2453 355 tandem
2517 274 2744 379 quod
2791 275 2996 355 inde·
3033 277 3245 357 irent
3292 274 3394 357 ad

272 390 651 492 judicem.
787 387 1035 486 Quod
1104 386 1308 465 dum
1354 386 1709 471 facerent,
1764 388 1983 488 vulpi
2049 388 2584 495 obviaverunt.
2717 391 3034 488 Quibus
3063 392 3394 473 ,abeun-

280 506 499 585 tibus
547 505 653 581 ait
699 502 1013 604 vulpes:
1069 506 1254 596 Quo
1307 497 1676 576 tenditis?
1721 544 1818 560 -
1879 501 2005 578 Illi
2071 503 2300 604 quod
2364 503 2667 581 factum
2728 500 2989 581 fuerat
3033 528 3395 585 narrave-

280 631 475 697 runt
519 615 762 719 vulpi.
863 615 1181 723 Quibus
1230 610 1455 688 dixit:
1505 616 1663 690 Pro·
1714 613 1979 691 nihilo
2031 615 2278 693 alium
2330 616 2704 719 quaeritis
2752 614 3128 714 judicem,
3190 642 3395 722 quo·

280 731 504 811 niam
552 746 867 811 rectum
894 726 1124 804 vobis
1171 722 1456 801 faciam
1504 722 1917 824 judicium.
1998 728 2157 804 Sed
2206 730 2432 829 prius
2478 730 2909 832 permittite
2943 732 3395 823 consilium,

278 842 514 946 loqui
561 844 704 921 uni
758 867 849 921 ex
884 841 1132 927 vobis,
1191 852 1267 917 et
1317 837 1631 917 deinde)
1662 839 1902 928 alteri,
1953 852 2033 916 et
2078 840 2142 915 si
2195 856 2481 943 potero
2517 866 2660 918 vos
2695 844 3186 923 concordare
3219 848 3395 924 sine

280 954 585 1054 judicio
616 1014 637 1046 ,
689 954 1072 1047 sententia
1124 952 1539 1057 celabitum
1585 952 1709 1049 sin
1762 965 2066 1040 autem,
2117 952 2204 1028 in
2255 954 2692 1031 commune
2744 955 2997 1032 detur.
3029 996 3131 1013 -
3173 961 3243 1035 3·
3291 954 3396 1037 At

279 1068 398 1145 illi
434 1081 1005 1145 concesserunt.
1090 1069 1192 1142 Et
1238 1065 1515 1165 vulpes
1563 1066 1921 1167 primum
1969 1065 2233 1147 locuta
2288 1081 2404 1144 est
2452 1068 2788 1145 seorsim
2823 1092 3011 1144 cum
3064 1083 3393 1159 aratore,

283 1193 365 1257 et
410 1181 548 1257 ait:
580 1184 729 1267 Da
776 1180 979 1256 mihi
1025 1202 1277 1255 unam
1328 1176 1735 1285 gallinam,
1804 1193 1883 1255 et
1927 1179 2161 1265 uxori
2212 1205 2439 1257 meae
2491 1181 2856 1271 alteram,
2922 1194 3000 1257 et
3057 1183 3394 1260 habebis

222 1294 549 1381 ,boves
594 1333 697 1367 .--
742 1295 1037 1370 Arator-
1077 1289 1481 1366 concessit.
1579 1291 1685 1365 Et
1751 1290 1913 1367 hoc
1960 1290 2198 1369 „sacto
2275 1318 2463 1369 cum
2536 1293 2733 1395 lupo
2812 1292 3204 1395 loquitur,
3272 1295 3391 1372 di-

282 1430 497 1484 cens:
544 1404 790 1493 Audi,
841 1403 1127 1481 amice!
1189 1401 1495 1481 Meritis
1524 1402 1703 1481 tuis
1750 1403 2431 1505 praecedentibus,
2489 1430 2640 1507 pro
2690 1419 2771 1482 te
2822 1404 3061 1483 debet
3108 1408 3175 1484 si
3229 1392 3404 1511 qua¹

258 1516 881 1599 ‘mea'facu'ndia
933 1529 1049 1595 est
1093 1515 1474 1597 laborare.
1579 1519 1827 1595 Tanta
1880 1519 2146 1596 locuta
2198 1543 2381 1595 sum
2433 1543 2622 1595 cum
2668 1519 2988 1608 rustico,
3041 1520 3270 1622 quod
3320 1521 3389 1597 si

278 1633 681 1717 dimiseris,
727 1632 975 1713 boves
1022 1629 1235 1709 illius
1294 1627 1637 1708 omnino
1688 1632 2037 1732 quietos,
2103 1631 2325 1710 dabit
2368 1635 2514 1709 tibi
2567 1657 2885 1710 caseum
2932 1632 3034 1709 ad
3081 1633 3390 1733 magni·-
3463 1714 3472 1721 „

234 1746 649 1856 ,tudinem
699 1741 1323 1845 clypeisaotum.
1364 1780 1469 1797 --
1518 1743 1595 1821 Δ.
1630 1747 1841 1822 -Hoc
1892 1745 2134 1848 lupus
2186 1746 2590 1825 concessit.
2692 1747 2844 1824 Cui
2905 1746 3184 1847 vulpes
3246 1747 3387 1823 ait:
3525 1763 3544 1831 ζ·
3599 1743 3617 1770 ”

264 1857 658 1967 ‚Concede
724 1870 1121 1937 aratorem
1180 1878 1377 1933 suos
1437 1854 1684 1935 boves
1736 1857 2062 1948 ducere,
2135 1873 2213 1935 et
2273 1884 2420 1958 ego
2475 1852 2781 1936 'ducam
2828 1874 2909 1937 te
2933 1858 3062 1957 ‚ad
3108 1858 3388 1936 locum

252 1973 424 2055 ahi
472 1985 873 2074 parantur*
899 1967 1067 2067 ejus
1117 1967 1351 2075 casei,
1380 1980 1525 2049 rut}
1570 1990 1815 2069 quem
1880 1971 2232 2047 volueris
2293 1972 2394 2049 de
2443 1972 2720 2049 multis
2773 1972 3061 2069 eligere
3104 1972 3384 2073 possis.

248 2124 375 2149 ··-
427 2085 587 2165 sed
634 2085 1243 2188 lupnsrasunae·
1271 2077 1535 2179 vulpis
1584 2080 1969 2182 deceptus·
2009 2083 2274 2158 verbis
2322 2085 2686 2184 quietum
2751 2084 2966 2160 abire
3027 2081 3391 2184 permisit

224 2303 229 2316 ἱ
272 2200 699 2294 rusticum..
762 2193 1959 2298 .Vu.lpes·voro·vagando»buc.
1987 2209 2224 2297 atque
2272 2195 2462 2272 illuc
2512 2211 2904 2300 quantum
2952 2195 3220 2298 potuit
3265 2193 3390 2271 lu-

272 2329 477 2417 pum
502 2311 895 2400 ‚deviavite
932 2332 1212 2418 quem,
1248 2306 1631 2388 :veniente
1678 2311 2020 2389 obscura
2068 2323 2340 2398 nocte,
2392 2310 2493 2387 ad
2544 2301 2794 2389 altum
2853 2324 3202 2412 puteum
3249 2307 3386 2386 de-

253 2427 534 2516 duxit,
574 2426 738 2506 ,cui
798 2450 1057 2527 super.
1112 2433 1453 2522 puteum,
1502 2424 1781 2502 stanti·
1810 2422 2162 2502 formam
2226 2419 2464 2500 luna‘e
2527 2421 3012 2524 semiplenae
3070 2422 3158 2496 in
3218 2420 3385 2497 ima

272 2540 497 2642 putei
546 2538 923 2620 radiantis
973 2533 1345 2619 ostendit,
1392 2546 1472 2610 et
1516 2534 1656 2610 ait:
1753 2539 1827 2613 ὅ.
1858 2601 1865 2612 .
1900 2537 2068 2614 Hic'
2102 2550 2219 2611 est
2268 2559 2538 2612 caseus
2591 2557 2836 2635 quem
2886 2534 3030 2609 tibi
3079 2530 3388 2635 promi-

274 2654 398 2741 sit,
451 2649 849 2732 descende
886 2651 971 2724 si
1016 2646 1275 2748 placet
1296 2654 1402 2728 ,et
1451 2647 1808 2725 comede.
1856 2691 1953 2708 --
2002 2649 2130 2728 Ad
2161 2650 2372 2725 baec
2420 2635 2691 2747 lupus:
2751 2644 3166 2721 Descende
3223 2643 3387 2745 pri-

266 2765 545 2854 mitus,
594 2776 674 2840 et
721 2762 783 2838 si
836 2761 1006 2840 sola
1048 2757 1368 2840 deferre
1419 2781 1590 2836 non
1636 2765 1958 2863 poteris,
2007 2779 2107 2840 ut
2148 2777 2224 2839 te
2273 2759 2541 2858 juvem
2589 2756 2873 2834 faciam
2926 2756 3153 2859 quod
3193 2757 3398 2858 hon*

272 2878 484 2958 iaris.
527 2915 628 2936 —
673 2877 777 2951 Et
821 2867 982 2954 hoc
1010 2874 1248 2952 dicto
1299 2868 1675 2950 viderunt
1725 2876 2053 2952 cordam
2120 2872 2607 2976 pendentem
2654 2872 2741 2946 in
2790 2884 3059 2972 puteo,
3106 2872 3194 2947 in
3246 2893 3384 2946 cu-

272 2991 402 3092 jus
500 2987 753 3090 capite
835 3003 1003 3068 erat
1075 2981 1401 3068 urceola
1483 2984 1748 3087 ligata,
1851 3001 1929 3065 et
2010 2988 2096 3062 in
2184 2988 2341 3064 alio
2431 2985 2682 3087 capite
2767 2982 3060 3082 cordae
3141 2982 3384 3060 altera

266 3101 628 3189 urceola3
727 3114 807 3180 et
875 3101 1371 3205 pendebant·
1410 3089 1545 3184 tali
1591 3101 1979 3201 ἀπρεπής),
2092 3099 2318 3202 quod
2415 3123 2580 3175 una
2674 3108 3043 3195 surgente
3144 3095 3384 3175 altera

276 3212 831 3300 descendebat„
986 3222 1056 3294 e.
1159 3221 1409 3313 Quod
1487 3218 1765 3319 vulpes
1846 3212 2088 3292 simul
2171 3237 2260 3289 ac
2326 3183 2540 3287 ‘vidit
2620 3209 2845 3311 quasi
2930 3209 3386 3310 obsequens

272 3333 649 3444 precihus
696 3337 868 3438 lupi
915 3331 1328 3413 urceolam
1374 3333 1693 3412 intravit
1730 3339 1821 3406 Iet
1882 3326 1983 3404 ad
2032 3323 2539 3429 profundum
2588 3323 2822 3399 venit.
2918 3325 3194 3421 Lupus
3243 3343 3383 3397 au-

272 3466 451 3529 -tem
496 3452 691 3531 inde
740 3448 1055 3550 gavisus
1102 3450 1235 3526 ait:
1313 3451 1479 3528 Cur
1524 3469 1699 3526 non
1748 3439 1981 3519 affers
2039 3437 2244 3515 mihi
2309 3438 2671 3515 caseum?
2725 3474 2830 3491 --
2885 3435 3186 3533 Vulpes
3247 3432 3385 3510 ait:

276 3568 622 3666 Nequeo
682 3589 834 3665 pro
881 3562 1465 3660 magnitudine,
1532 3556 1673 3634 sed
1731 3556 1939 3631 intra
1989 3552 2224 3646 aliam
2287 3548 2736 3634 urceolam,
2804 3558 2881 3621 et
2938 3546 3119 3621 veni
3181 3545 3388 3625 sicut

283 3674 817 3779 spopondisti.
865 3713 969 3733 --
1011 3678 1245 3776 Lupo
1292 3676 1670 3759 intrante,
1717 3665 2042 3744 urceola
2090 3662 2641 3763 magnitudine
2703 3656 3090 3757 ponderis
3146 3656 3387 3738 ducta

284 3791 443 3867 cito
494 3786 853 3865 fundum
899 3785 1140 3888 petiit,
1193 3785 1429 3861 altera
1464 3794 1833 3880 surgente
1866 3803 2052 3856 cum
2086 3777 2343 3880 vulpe,
2396 3796 2601 3877 quae
2638 3784 2803 3854 erat
2848 3769 3116 3846 levior.
3188 3770 3388 3849 Vul-

276 3900 566 4004 'pecula
626 3905 836 3977 tacto
909 3923 1050 3975 ore
1108 3898 1329 3999 putei
1378 3897 1594 3975 foras
1643 3893 1944 3982 exiluit,
2009 3906 2087 3969 et
2146 3891 2231 3965 in
2279 3902 2524 3991 puteo
2576 3875 2866 3986 lupum
2917 3882 3258 3970 dimisit3
3308 3895 3388 3961 et
3497 3915 3511 3929 ·

270 4015 391 4092 ita
405 4072 427 4103 ,
488 4012 719 4114 quod
763 4036 919 4115 pro
965 4009 1245 4090 futuro
1292 4033 1661 4114 praesens
1708 4005 2042 4097 dimisit,
2104 4003 2345 4107 lupus
2407 4001 2653 4081 hoves
2717 4010 2797 4075 et
2863 3999 3181 4076 caseum
3228 4014 3381 4096 pro

280 4125 589 4205 meritis
634 4123 1007 4229 perdidit.
1072 4223 1079 4232 ,
2197 4119 2208 4130 '
2927 4139 2960 4150 ·“
