3969 4580
1809 105 1935 200 41

314 293 589 373 donec
656 292 791 371 sit'
826 292 972 371 tibi
1026 292 1959 395 -lotp1i·necessarii1m‚1
2030 291 2506 370 maledicam
2587 292 2949 392 linguam
3027 295 3429 377 indictum

320 407 698 488 emendat
764 407 1197 487 silentium.
1294 408 1432 486 Ait
1496 408 1716 485 enim
1787 405 2361 510 philosophus:
2439 406 2865 485 Silentium
2929 422 3047 486 est
3106 411 3428 511 signum
3475 422 3484 427 ’

312 522 776 625 sapientiae,
828 535 907 599 et
950 521 1390 622 loquacitas
1438 521 1761 620 signum
1811 520 2208 597 stultitiae.
2303 523 2472 597 Nec
2531 519 2854 599 festines
2916 523 3425 629 respondere,

322 635 584 713 donec
657 633 900 714 fuerit
971 633 1157 710 finis
1228 629 1889 732 interrogationis.
2003 639 2171 710 Nec
2246 632 2796 734 quaestionem
2866 636 2953 712 in
3026 654 3429 716 conventu

314 746 604 824 factam
654 747 960 824 solvere
1008 761 1364 849 tempteS,
1423 772 1683 850 quum
1730 745 2304 848 sapientiorem
2352 759 2430 839 te
2476 746 2592 820 ibi
2643 751 3161 849 conspexeris·
3258 757 3425 829 Nec
3477 838 3484 849 ,

318 861 766 963 quaestioni
834 860 1053 938 alteri
1116 861 1496 963 cuiquam
1554 859 1803 941 factae
1864 858 2375 962 respondeas.
2475 861 2643 937 Nec
2714 860 3043 959 laudem
3104 880 3423 967 appetas

318 1000 473 1078 pro
525 999 613 1052 re
660 975 802 1051 tibi
851 975 1271 1074 incognita.

515 1072 1051 1191 Philosophus
1102 1088 1322 1165 enim
1373 1085 1599 1164 dicit:
1659 1044 1817 1182 Qui
1870 1087 1976 1165 de
2021 1109 2112 1185 re
2158 1085 2562 1186 incognita
2608 1087 2762 1165 sibi
2810 1080 3138 1170 laudem
3187 1117 3424 1196 appe·
3467 1190 3474 1194 ⁶
3515 1076 3528 1087 „
3667 1092 3672 1101 ’

317 1201 434 1293 ιὶι,
478 1202 709 1279 illum
759 1202 1231 1280 mendacem
1280 1201 1649 1305 probatio
1699 1199 1984 1280 reddit.

320 1321 651 1508 οωᾶιΙὸἔξ
723 1319 929 1394 Item
992 1315 1222 1396 alius:
1283 1316 1719 1419 Acquiesce
1780 1313 2086 1393 veritati
2152 1313 2315 1394 sive
2367 1340 2421 1392 a
2481 1325 2562 1393 te
2621 1315 2978 1417 prolatae
3049 1319 3215 1399 sive
3274 1319 3419 1398 tibi

516 1549 638 1625 Ne
688 1543 1049 1645 glorieris
1098 1544 1185 1622 in
1236 1542 1723 1645 sapientibus
1769 1543 2030 1621 verbis
2081 1543 2278 1631 tuis,
2325 1542 2546 1645 quia,
2594 1558 2843 1643 prout
2886 1498 3423 1648 philosophus

316 1672 667 1748 testatur,
719 1659 859 1760 qui
907 1659 991 1734 in
1026 1658 1191 1735 suis
1222 1659 1481 1736 velbis
1516 1658 2004 1759 sapientibus
2053 1655 2612 1756 gloriatur,
2628 1655 2914 1733 stultus
2950 1683 3118 1736 esse
3167 1685 3423 1737 com-

313 1768 828 1874 probatur.
915 1776 1128 1849 Haec
1208 1771 1519 1848 omnia
1556 1770 1852 1850 faciens
1926 1769 2633 1849 connumeraberis
2705 1768 2916 1848 inter
2988 1770 3422 1875 discipulos

314 1886 744 1987 sapientiae
794 1899 1031 1987 atque
1079 1885 1569 1987 prudentiae.

514 2001 626 2074 14.
722 1999 1265 2101 Philosophus
1316 1997 1541 2074 dixit·
1605 1996 1768 2094 Qui
1827 1992 2269 2097 prudenter
2330 1996 2740 2098 inquirere
2798 1996 3144 2088 noverit,
3205 1998 3423 2078 solu·

313 2111 621 2191 tionem
668 2111 1108 2212 prudenter
1153 2110 1553 2209 intelliget.

504 2224 763 2304 ΑΙίιι5.
843 2223 1358 2324 Quicumque
1456 2220 1867 2304 erubuerit
1925 2220 2416 2353 {sapientiam
2489 2222 2589 2300 ab
2680 2220 2854 2302 aliis
2924 2222 3421 2325 investigare,

310 2339 569 2438 magis
617 2337 1027 2416 erubescet
1075 2335 1445 2414 eamdem
1496 2361 1540 2414 a
1588 2360 1675 2413 se
1724 2336 1899 2436 ipso
1950 2335 2277 2435 inquiri.

507 2451 763 2531 Alius,
814 2452 976 2546 Qui
1023 2450 1243 2527 brevi
1294 2463 1660 2552 tempore
1708 2471 1903 2579 prae
1946 2445 2266 2548 pudore
2331 2444 2838 2548 disciplinam
2885 2471 3057 2567 non
3104 2449 3418 2551 patitur,

315 2567 545 2643 omni
591 2579 961 2664 tempore
1006 2563 1092 2638 in
1141 2560 1461 2662 pudore
1506 2561 2004 2663 insipientiae
2052 2561 2571 2662 permanebit.

509 2680 627 2753 15.
688 2677 960 2772 Alius:
1020 2678 1210 2750 Non
1273 2671 1540 2749 omnis
1603 2674 1742 2775 qui
1805 2672 2118 2777 sapiens
2169 2672 2462 2751 dicitur
2508 2672 2820 2773 sapiens
2872 2686 3024 2764 est,
3086 2674 3229 2753 sed
3281 2676 3422 2777 qui

312 2788 546 2926 discit
596 2793 673 2864 et
719 2787 1005 2866 retinet
1052 2785 1537 2888 sapientiam.

507 2900 759 2980 Alius:
813 2900 974 2995 Qui
1021 2899 1110 2976 in
1161 2898 1523 2975 doctrina
1575 2894 1977 2986 defecerit,
2043 2922 2336 3000 parum
2386 2896 2868 2997 generositas
2917 2920 3061 2977 sua
3112 2899 3186 2977 ei
3233 2924 3423 3002 pro·

316 3017 539 3095 derit.
638 3018 1034 3112 Dogmate
1081 3012 1387 3111 indiget
1434 3010 1826 3101 nobilitaS,
1874 3010 2254 3111 sapientia
2302 3034 2493 3090 vero
2548 3011 3043 3114 experientia

509 3132 621 3206 16.
706 3127 997 3229 [Alius.
1061 3125 1159 3205 In
1223 3151 1390 3230 quo
1454 3150 1622 3203 sua
1686 3121 1978 3202 desinit
2039 3124 2448 3217 nobilitas,
2515 3151 2856 3204 avorum
2919 3125 3422 3282 nobilitatem

312 3241 539 3322 haud
588 3265 941 3341 congrue
986 3254 1346 3351 reservat.

504 3355 759 3434 Alius.
821 3336 1218 3434 Nobilitas
1283 3379 1325 3430 a
1391 3376 1526 3429 me
1584 3311 2033 3454 procedens
2094 3365 2212 3431 est
2268 3351 2472 3429 mihi
2524 3311 2751 3432 cordi
2799 3305 2982 3454 plus
3033 3331 3280 3454 quam
3330 3374 3420 3430 ea

319 3469 526 3570 quac
570 3485 889 3571 patrum
936 3466 1305 3572 procedit
1348 3464 1823 3565 nobilitate-J

1800 3651 1920 3749 V.

508 3812 574 3886 1.
652 3808 934 3888 Arabs.
1010 3808 1365 3910 Quidam
1422 3807 1909 3888 versificator
1969 3804 2328 3909 prudens
2392 3819 2471 3885 et
2543 3803 2843 3884 facetus
2905 3801 3049 3880 sed
3107 3803 3422 3905 ignobi·

309 3921 405 3998 lis
466 3922 632 4022 regi
700 3924 1024 4001 cuidam
1085 3949 1358 4002 versus
1438 3949 1629 4001 suos
1707 3921 2018 4001 obtulit.
2133 3917 2381 4020 Cujus
2447 3932 2714 3998 notata
2757 3916 3212 4019 prudentia
3284 3943 3422 3996 rex

314 4058 505 4112 eum
565 4036 1018 4117 honorifice
1080 4038 1441 4140 suscepit.
1538 4036 1746 4115 Huic
1807 4035 2051 4134 igitur
2115 4031 2580 4111 invidebant
2651 3989 2780 4109 alii
2850 4030 3420 4110 versificatores

310 4172 456 4230 sua
498 4153 834 4260 superbi
894 4152 1449 4254 generositate,
1516 4172 1960 4254 regemque
2024 4146 2584 4228 convenientes
2657 4143 2913 4246 ajunt:
2974 4150 3204 4225 Bone
3264 4168 3420 4235 rex,
