3969 4580
302 312 1224 423 itis'nobilesitsacetos3
1272 320 2126 422 sapienteffihonorafix
2195 322 2452 400 modo
2501 346 2692 417 vero
2744 321 2894 401 soli
2943 343 3424 413 venerantur

236 439 247 449 ‘
303 438 747 515 leccatores.
794 478 897 493 —
943 434 1067 512 Ad
1120 435 1348 537 quod
1397 450 1653 537 pater:
1717 440 1837 517 Ne
1887 437 2220 527 mireris,
2269 435 2407 526 fili,
2459 437 2684 540 quod
2747 440 3036 517 clerici'
3074 443 3420 535 clericoS,

300 551 670 650 generosi
718 570 1179 648 gassei-‚usos
1206 548 1455 624 faceti
1506 548 1804 626 facetos
1852 550 2302 639 honorant,
2329 551 2755 629 leccatores
2805 581 2847 631 a
2897 552 3419 636 leccatoribus

303 678 800 742 venerantur.
851 707 951 720 —
1011 668 1079 739 2.
1137 663 1417 739 Filius.
1467 662 1653 740 Vidi
1704 674 1785 739 et
1833 663 2074 754 aliud,
2128 663 2355 766 quod
2408 664 2664 741 clerici
2715 693 2866 769 pro
2920 694 3059 746 sua
3111 672 3420 773 sapien·

298 779 409 857 tia
461 802 632 857 non
650 786 871 855 sunt
916 776 1324 865 honorati,
1364 776 1588 853 unde
1638 776 1821 853 facti
1873 790 2064 853 sunt
2110 777 2537 854 leccatores
2590 794 2667 856 et
2716 781 2814 858 ad
2853 806 3239 881 magnum
3287 811 3417 862 ve-

300 883 495 968 nere
545 890 970 967 honorem.
1017 917 1123 950 ·--
1168 896 1401 967 Tune
1440 903 1689 992 ·pater
1744 891 1853 967 ait
1900 890 2050 966 illi:
2116 894 2293 966 Hoc
2363 890 2696 993 quidem
2748 920 2838 972 ex
2889 897 3198 973 inertia
3217 913 3418 979 tern-

298 1005 524 1108 poris
588 1005 934 1102 emtigit.
995 1048 1097 1064 -
1157 1004 1282 1084 Ad
1351 1008 1639 1107 quem
1660 1002 1911 1081 filius:
1973 1003 2342 1097 Edissere
2410 1005 2645 1096 mihi,
2714 1024 2938 1109 pater
3000 1008 3416 1104 carissime,

299 1126 607 1197 veram:
596 1118 1077 1195 nobilitatis
1106 1119 1686 1197 definitionem.
1734 1159 1837 1189 ·.-
1910 1122 1981 1195 3
2042 1118 2146 1193 Et
2200 1133 2423 1221 pater
2469 1120 2763 1223 inquit:
2824 1122 3281 1237 Aristoteles
3329 1127 3417 1202 in

304 1231 636 1335 epistola
686 1258 858 1321 sua,
910 1259 1155 1336 quam
1207 1232 1657 1311 Alexandro
1708 1232 1874 1331 regi
1930 1235 2421 1333 composuit,
2473 1235 2877 1321 meminit3
2931 1228 3103 1337 qui,
3156 1263 3417 1339 quum

300 1347 403 1424 ab
457 1351 553 1423 eo'
598 1361 1055 1447 quaereret,
1092 1372 1350 1451 quem
1402 1349 1551 1424 sibi
1604 1371 1696 1422 ex
1745 1346 2132 1423 omnibus
2185 1348 2731 1477 consiliarium
2779 1347 3105 1439 faceret,
3162 1353 3420 1430 taliter

299 1484 449 1564 per
496 1459 917 1588 epistolam
970 1487 1198 1538 suam
1248 1459 1692 1563 respondit:

360 1638 363 1645 .
496 1574 822 1675 Accipe,
856 1574 1024 1664 ait,
1086 1575 1329 1652 talem
1378 1575 1518 1676 qui
1569 1587 1872 1674 septem
1921 1571 2387 1651 liberalibus
2454 1570 2753 1652 artibus
2814 1577 2914 1654 sit
2960 1578 3415 1672 instructus,

299 1685 717 1766 industriis
764 1702 1072 1790 septem
1125 1688 1504 1778 eruditus,
1555 1701 1858 1789 septem
1910 1687 2152 1769 etiam
2201 1688 2732 1790 probitatibus
2783 1687 3138 1772 edoctus,
3349 1707 3354 1714 '

340 1808 350 1816 '
454 1836 459 1845 ’
498 1807 604 1879 Et
644 1825 801 1902 ego
854 1803 1189 1881 aestimo
1223 1804 1429 1880 hanc
1480 1824 1648 1879 esse
1696 1800 2699 1904 perfectamnobilitatem.
2735 1846 2832 1862 -
2890 1809 2958 1881 4.
3006 1807 3136 1882 Αἰι
3170 1802 3415 1886 filiusz
3511 1904 3514 1907 Ἴ
3559 1786 3570 1801 “

296 1919 525 1994 Haec
563 1917 937 1994 nobilitas
981 1917 1069 1992 in
1118 1930 1483 2019 tempore
1529 1941 1723 1994 meo
1769 1941 1939 1993 non
1993 1914 2402 2015 contingit,
2452 1918 2710 1994 immo
2766 1920 2938 1997 auri
2991 1932 3067 1997 et
3116 1914 3416 2019 argenti

299 2042 467 2108 tota
520 2045 636 2107 est
685 2030 1054 2108 nobilitas
1093 2054 1341 2132 quam
1388 2030 1647 2117 Video,
1703 2043 1791 2104 ut
1838 2029 1944 2105 ait
1994 2029 2334 2130 quidam
2384 2028 2902 2108 versificator:

368 2150 405 2169 ”
540 2210 549 2215 -
604 2142 1342 2240 Glarificantgazae
1389 2140 1738 2246 privatos
1782 2138 2228 2228 nobilitate,

595 2260 1187 2359 Paupertasque
1237 2254 1581 2332 domum
1630 2253 1923 2357 premit
1973 2253 2210 2332 altera
2261 2252 2780 2334 nobilitatam.

190 2459 203 2465 ‚
412 2373 561 2466 5.
654 2371 1166 2450 versificator
1244 2370 1576 2472 quidam
1643 2369 1746 2445 de
1830 2366 2430 2444 adversitatibus
2503 2369 2793 2445 saeculi
2862 2395 3114 2472 quae
3107 2401 3417 2486 super-

296 2441 634 2586 veniunt
654 2483 1003 2560 nlobiles
1036 2485 1351 2586 inquiti
1398 2483 1548 2560 Dic
1596 2482 1809 2576 illis,
1847 2480 1988 2582 qui
2051 2504 2202 2582 pro
2270 2479 2874 2560 adversitatibus
2927 2477 3132 2586 quae
3182 2492 3418 2569 nobis

300 2577 675 2674 accidunt
741 2601 899 2673 no's
961 2595 1521 2685 contemnunt,
1574 2596 1824 2698 quod
1892 2595 2302 2672 saeculum
2370 2596 2862 2672 contrarium
2929 2601 3168 2676 nullis
3229 2591 3420 2682 ⁸fecit

299 2710 455 2788 nisi
509 2709 920 2786 nobilibus
966 2722 1301 2794 tantum.
1398 2713 1689 2786 Nonne
1737 2710 1959 2786 vides
2011 2707 2238 2810 quod
2302 2729 2524 2784 mare
2575 2707 2895 2785 devehit
2942 2725 3287 2792 stercora
3341 2732 3419 2794 et

297 2823 583 2927 paleas,
637 2836 715 2900 et
756 2821 1087 2923 pretiosi
1136 2811 1576 2923 lapides·in
1625 2821 1979 2899 fundum
2028 2821 2378 2898 vadunt?
2436 2826 2730 2907 Nonne
2782 2822 3001 2900 vides
3067 2843 3271 2930 quot
3329 2832 3416 2907 in

300 2938 531 3016 coelo
575 2936 901 3024 stellae,
896 2961 1013 3013 ex
1053 2936 1371 3039 quibus
1383 2937 1784 3015 nescimus
1818 2957 2275 3024 numerum,
2327 2947 2404 3011 at
2450 2935 2782 3036 insuper
2827 2938 3070 3016 nulla
3084 2942 3417 3042 quidem

299 3053 598 3184 patitur
664 3050 991 3151 eclipsin
1050 3064 1365 3153 praeter
1418 3052 1680 3151 solem
1745 3065 1823 3129 et
1880 3050 2208 3127 lunam?
2252 3090 2354 3108 -—
2400 3052 2502 3128 At
2547 3063 2799 3151 pater.
2860 3053 2975 3128 Ex
3029 3058 3417 3158 temporis
3557 3050 3570 3068 ’

299 3165 584 3243 inertia
633 3164 917 3243 accidit
955 3164 1182 3288 quod
1233 3140 1607 3243 homines
1654 3165 1742 3240 in
1779 3164 2069 3241 divitiis
2119 3149 2390 3240 solum
2441 3162 2796 3261 judicant
2815 3165 3362 3262 gloriandum.

316 3343 353 3356 ..
497 3284 603 3356 6.
663 3281 893 3358 Un'us
966 3302 1067 3356 tx
1100 3277 1548 3382 discipulis
1619 3277 2133 3377 interrogavit
2202 3277 2675 3374 magistrum
2749 3299 3027 3370 suum,
3113 3282 3417 3360 dicens.

290 3387 585 3487 'Quum
634 3408 940 3495 septem
990 3394 1148 3470 sint
1198 3407 1431 3483 artes,
1483 3408 1910 3496 etseptem
1959 3389 2427 3492 probitates,
2478 3405 2556 3465 et
2603 3404 2907 3492 septem
2957 3393 3416 3485 industriae,

302 3499 591 3582 vellem
637 3520 733 3583 ut
780 3508 974 3584 haec
1022 3506 1224 3583 mihi
1278 3507 1484 3583 sicut
1529 3532 1614 3584 se
1660 3505 1962 3586 habent
2009 3527 2538 3581 enumerares.
2591 3545 2686 3561 -
2734 3507 3134 3602 Magister.
3198 3511 3417 3585 Enu-

302 3618 662 3696 merab0.

318 3745 327 3752 '
410 3773 417 3778 ·
502 3737 571 3813 7.
656 3735 853 3810 Hae
873 3747 1060 3810 sunt
1096 3741 1356 3811 arte'S.
1418 3733 1874 3824 Dialectica,
1941 3659 2464 3816 arithmetica,
2547 3728 3014 3827 geometria,
3075 3733 3418 3834 physica,
3463 3785 3480 3790 -
3563 3767 3580 3774 “

302 3845 630 3935 musica,
682 3847 1191 3924 astronomia.
1286 3852 1409 3925 De
1478 3850 1812 3951 septima
1870 3846 2250 3923 diversae
2278 3856 2466 3919 sunt
2511 3841 3054 3943 plurimorum
3107 3862 3419 3925 senten·

301 3960 478 4049 tiae,
518 3969 930 4063 quaenam
980 3961 1096 4035 sit.
1176 3960 1647 4066 Philosophi
1684 3987 1823 4065 qui
1803 3958 2316 4064 prophetias
2366 3977 2539 4031 non
2588 3972 2986 4035 sectantur
3034 3961 3262 4060 ajunt·
3300 3965 3421 4037 ni-

173 4097 234 4115 ··
304 4074 837 4172 gromantiam
870 4098 1037 4152 esse
1065 4076 1503 4177 septimam.
1601 4076 1868 4179 Aliqui
1908 4097 2000 4151 ex
2048 4072 2203 4150 illis
2255 4067 2395 4170 qui
2447 4069 2889 4170 prophetiis
2939 4089 3018 4151 et
3061 4076 3420 4177 philoso-

300 4187 541 4290 phiae
603 4187 943 4266 credunt
1001 4188 1287 4268 volunt
1356 4193 1533 4267 esse
1560 4190 2072 4276 ..scientiamr
2117 4207 2340 4287 quae
2369 4245 2376 4252 .
2410 4205 2537 4259 res
2593 4187 3003 4369 :gaturales
3067 4189 3194 4264 vel
3268 4186 3421 4267 ele-
