3969 4580
1784 100 1901 191 81

288 299 368 369 et
413 286 778 390 pretiosis
825 284 1228 389 lapidibus
1279 284 1470 386 egit.
1549 287 1651 363 Et
1695 286 1810 364 sic
1855 287 2161 365 transit
2186 288 2528 370 cii-cidus
2578 292 2798 385 anni,
2860 294 2945 373 in
2997 298 3173 400 quo
3212 319 3384 383 non

283 410 584 505 paucos
633 400 790 500 jam
840 402 1128 478 mortis
1176 402 1510 477 nexib'us
1557 399 1904 477 irretitos
1951 394 2331 483 liberavit.

475 520 545 592 5.
618 520 807 592 Erat
855 528 1122 591 autem
1169 513 1260 587 in
1311 512 1591 590 eadem
1639 514 1970 613 regione
2021 518 2356 619 quidam
2401 519 2607 619 regis
2654 523 3107 624 praescripti
3158 538 3383 601 nota·

250 627 472 715 'rius
523 626 662 729 qui
713 627 983 703 livoris
1031 624 1344 701 macula
1392 640 1641 704 tactus
1690 653 1947 730 puero
2001 631 2439 720 invidebat,
2490 648 2567 710 et
2612 656 2882 731 graves
2931 637 3385 721 inimicitias

280 738 612 817 latenter
660 740 1094 824 exercebat,
1157 749 1235 811 et
1293 754 1598 836 regem
1631 742 1812 839 e'rga
1870 768 2222 843 puerum
2282 744 2367 820 in
2430 744 2633 822 iram
2698 751 3209 848 exasperabat
3254 751 3382 827 his

281 852 574 930 verbis:
634 853 1017 936 Domine,
1076 847 1356 925 lenitas
1403 852 1567 929 irae
1633 855 2132 934 mortalitatis
2193 857 2283 931 in
2330 858 2565 935 vestri
2619 857 2884 933 filium
2935 863 3383 959 consiliarii,

281 967 410 1043 cui
476 981 730 1067 pater
754 963 1152 1039 infinitam
1222 963 1546 1069 reliquit
1615 969 2081 1064 pecuniam,
2142 965 2291 1062 (ne
2356 966 2621 1047 dicam
2683 970 2981 1068 stulte)-
3031 972 3387 1071 nimium}

277 1078 550 1156 mollis
636 1077 893 1155 extitit.
1015 1072 1271 1151 Modo
1361 1098 1736 1176 namque
1804 1098 1952 1150 nec
2035 1100 2180 1152 vos
2234 1102 2417 1156 :nec
2503 1084 2676 1205 ipse
2750 1085 3059 1161 habetis
3138 1111 3387 1187 pecu·-

276 1193 517 1282 niam,
571 1218 810 1295 quam
858 1191 1030 1290 ipse
1073 1188 1614 1263 inconsultus
1644 1186 2051 1288 superflue
2104 1189 2631 1291 dilapidavit..
2654 1214 2757 1253 ··--·
2826 1201 2895 1271 6.
2963 1201 3129 1274 Rex
3186 1224 3389 1278 vero

275 1305 568 1383 talibus
615 1306 699 1381 in
746 1305 952 1380 iram
1016 1304 1479 1380 commotus
1523 1310 1693 1401 Ipro
1765 1320 2025 1402 puero
2101 1302 2419 1400 legavit,
2488 1306 2616 1380 cui
2690 1308 2872 1385 talia
2948 1309 3169 1387 dixit.
3249 1317 3391 1391 In·-

277 1418 584 1520 sipiens·
639 1417 784 1527 fili·
832 1414 1236 1519 sapientis,
1312 1415 1526 1491 iners
1589 1413 2029 1504 fflificiosh
2100 1415 2442 1519 prodige
2515 1416 2743 1517 langi,
2814 1437 2911 1499 ut
2984 1424 3182 1526 quid
3256 1424 3397 1493 ‹li-2·

274 1532 496 1609 vitias
567 1535 962 1635 sapienter
1033 1542 1538 1627 congregatas
1614 1542 1692 1603 et
1762 1528 1909 1604 tibi
1986 1527 2088 1605 ad
2154 1529 2636 1608 servandum
2700 1539 3160 1614 commissas
3235 1530 3381 1607 (ἱει-ν

277 1643 459 1721 disti
507 1646 927 1748 perniciei?
970 1685 1073 1700 -
1129 1643 1252 1721 Ad
1313 1643 1510 1719 haec
1569 1666 1800 1743 puer,
1876 1641 2053 1718 visu
2112 1642 2194 1718 in
2261 1658 2555 1722 terram
2617 1645 2919 1735 defixo;
2989 1645 3369 1747 principis

276 1758 496 1835 enim
544 1757 1131 1835 vultuositatem
1177 1769 1462 1858 utpote
1517 1755 1769 1835 „torvis
1829 1753 2407 1853 inflammatam
2472 1759 2915 1841 luminibus
2975 1758 3369 1859 inspicere

181 1948 196 1961 Ι
272 1873 718 1949 verebatur:
785 1877 852 1950 7.
899 1871 1269 1960 Domine,
1320 1871 1384 1945 si
1435 1882 1912 1971 pace-vestra
1956 1868 2140 1946 licet
2176 1870 2457 1962 dicere,
2508 1899 2697 1962 non,
2748 1887 2839 1948 ut
2880 1871 3369 1972 quibusdam

270 1986 602 2074 videtur,
652 1986 934 2062 stultus
978 1998 1200 2087 patre
1249 1983 1597 2086 sapiente
1633 1982 1861 2061 vobis
1912 2004 2096 2061 sum
2144 1984 2481 2062 relictus.
2542 1992 2774 2062 Pater
2806 1987 3098 2060 etenim
3139 2009 3369 2060 meus

269 2099 733 2177 thesaurum
796 2112 1364 2196 congregatum
1438 2096 1658 2173 unde
1730 2095 1947 2171 sures
2020 2121 2296 2198 rapere
2372 2112 2699 2198 possent
2772 2098 3216 2186 collocavit,
3292 2112 3371 2174 et
3444 2096 3479 2121 ⁴

267 2209 491 2300 milii,
539 2213 667 2288 cui
712 2212 1051 2315 possetis
1103 2209 1424 2299 auffere,
1474 2208 1679 2310 ignis
1718 2208 2214 2299 comburere,
2268 2210 2430 2287 sive
2465 2202 2747 2313 aliquis
2783 2214 3006 2287 casus
3045 2211 3373 2312 eripere,

267 2326 608 2427 reliquit.
686 2319 857 2426 Ego
907 2350 1096 2403 vero
1151 2322 1472 2401 cuidam
1520 2324 1635 2401 ibi
1692 2324 2093 2410 collocavi,
2143 2323 2286 2400 ubi
2338 2322 2682 2410 fideliter
2729 2325 2878 2400 sibi
2929 2325 3369 2401 servabitur
3480 2372 3495 2376 -

270 2454 349 2518 et
395 2440 615 2515 mihi.
662 2479 762 2498 ·--
822 2446 891 2518 8.
938 2443 1107 2518 Rex
1157 2454 1424 2516 autem
1477 2437 1673 2541 quid
1726 2436 1924 2513 inde'
1977 2434 2288 2513 fecisset
2344 2437 2872 2535 interrogavit.
2968 2436 3180 2515 Puer
3229 2463 3367 2515 au-

107 2568 116 2585 '
187 2537 202 2548 “
265 2570 434 2650 tem
485 2553 682 2655 quid
733 2568 809 2631 et
858 2554 1193 2655 qualiter
1243 2565 1504 2649 egerat
1550 2550 1835 2626 retulit.
1936 2543 2366 2650 Comperta
2427 2550 2776 2653 denique
2823 2551 3099 2652 peritia
3128 2549 3367 2649 juve-

266 2670 394 2745 'nis
420 2679 1038 2744 remuneratum
1086 2665 1312 2764 prius
1382 2687 1572 2739 eum
1636 2662 2327 2740 circumstantibus
2384 2662 2764 2751 laudavit,
2823 2666 3063 2764 patris
3126 2666 3363 2741 servi-

264 2783 475 2860 tium
521 2778 1167 2879 recompensavit.
1268 2777 1429 2874 Qui
1480 2773 1761 2853 exinde
1810 2774 2213 2854 lucrando
2251 2801 2496 2855 novas
2549 2791 2627 2855 et
2671 2774 3013 2876 majores
3062 2779 3365 2880 priori·

264 2896 421 2974 bus
465 2893 778 2970 divitias
829 2892 1257 2993 acquisivit.
1672 2954 1680 2962 .
3090 2953 3095 2960 .

459 3013 532 3085 9.
610 3011 786 3083 Hoc
847 3006 1104 3083 modo
1171 3003 1398 3107 quod
1462 3004 1888 3108 pretiosius
1952 3005 2237 3084 habuit
2281 3004 2496 3083 filius
2548 3009 2970 3088 consiliarii
3021 3009 3226 3106 regis
3273 3008 3365 3084 in

271 3122 522 3201 domo
586 3118 1053 3197 deliciarum
1115 3120 1684 3197 thesaurizavit.
1787 3118 1946 3220 [Ad
2025 3145 2269 3221 quam
2337 3122 2693 3199 domum
2754 3147 2908 3201 nos
2979 3122 3365 3226 perducat

266 3241 496 3317 Jesus
543 3235 924 3327 ChristuS,
969 3233 1507 3316 benedictus
1484 3259 1571 3309 ιιι
1621 3233 1928 3312 saecula
1978 3232 2545 3334 saeculorum]
3298 3239 3311 3270 ³

1521 3427 1526 3434 ’
1622 3419 2013 3518 XXXV.

465 3580 530 3652 1.
610 3575 920 3654 Auditis
967 3547 1477 3657 sermonibus
1522 3579 1801 3679 patris,
1851 3575 2077 3653 filius
2116 3574 2412 3676 inquit:
2473 3574 2799 3652 Juvenis
2860 3575 3009 3651 iste
3054 3572 3365 3674 sapien-

264 3704 389 3767 ter
438 3690 620 3787 egit,
672 3696 828 3763 et*
888 3715 1222 3790 magnae
1284 3717 1424 3796 spe
1470 3690 1872 3768 bonitatis
1896 3690 1982 3765 in
2033 3712 2119 3766 se
2166 3687 2534 3765 futurmn
2585 3687 3003 3778 indica'vit,
3022 3697 3131 3764 et
3178 3687 3367 3765 fecit
3479 3783 3485 3790 .

267 3803 471 3878 sicut
515 3801 1045 3904 philosophus
1095 3803 1265 3881 filio
1318 3830 1467 3882 suo
1519 3804 1931 3908 praecipit,
1993 3803 2295 3879 dicens:
2345 3802 2532 3890 Fili,
2579 3800 2838 3879 vende
2886 3803 3044 3879 hoc
3095 3826 3363 3902 saecu-

123 4003 132 4006 ,
268 3915 442 3991 lum
489 3941 638 4017 pro
688 3914 987 4004 futuro,
1038 3932 1115 3993 et
1160 3932 1600 4021 utrumque
1648 3915 2100 4005 lucraberis,
2152 3914 2379 4017 quod
2427 3915 2532 3991 ita
2585 3915 2930 4015 contigit.
3019 3919 3091 3993 2.
3139 3916 3361 3994 Alius

268 4027 528 4108 filium
578 4031 980 4129 corrigens
1030 4029 1252 4107 dixit.
1316 4031 1502 4122 Fili,
1559 4057 1712 4136 pro
1776 4029 2056 4110 futuro
2120 4028 2438 4107 saeculo
2505 4053 2869 4153 operare,
2933 4044 3359 4158 antequam

266 4149 489 4220 mors
531 4157 614 4221 te
662 4157 1056 4244 segreget
1061 4146 1184 4222 ab
1209 4163 1473 4249 opere.
1541 4199 1544 4204 «
2558 4193 2605 4239 .·
2665 4207 2729 4333 1⁴

2717 4263 2760 4334 l
