3969 4580
2041 121 2169 216 42

510 337 697 395 ἀιι·
741 314 962 390 hunc
1009 324 1175 388 tam
1222 310 1381 413 vili
1412 324 1683 388 ortum
1716 301 2330 441 prosapiaadeo
2378 308 3033 411 magnificant.-
3077 311 3206 390 Azd
3239 312 3456 390 haec
3497 337 3673 393 τευ

553 432 821 523 Quem
868 427 1314 529 vituperare
1360 425 1747 528 putastis,
1789 426 2044 523 magis
2093 425 2492 503 laudastis.
2544 466 2641 485 --
2683 429 2869 527 Ipse
2914 449 3108 502 vero
3176 426 3317 528 qui
3369 431 3675 530 vitupe-

548 540 873 617 rabatur
919 541 1115 618 haec
1167 538 1557 639 adjunxit:
1618 543 1835 616 Rosa
1901 564 1993 617 ex
2053 540 2306 659 spinis
2375 542 2549 617 orta
2607 556 3126 641 nequaquam
3173 540 3675 693 blasphema-

548 664 705 731 tur.
752 695 855 713 -·-
900 657 1069 731 Rex
1118 670 1386 731 autem
1439 668 1815 731 ornatum
1864 644 2345 730 muneribus
2398 677 2622 730 eum
2641 652 2964 729 dimisit.

716 770 813 843 2.
886 767 1259 866 Contigit
1300 781 1396 844 ut
1445 765 1779 869 quidam
1827 766 2333 863 versificator,
2383 765 2638 845 nobili
2694 781 2916 844 ortus
2947 766 3333 868 prosapia,
3382 790 3672 870 parum

554 895 824 959 autem
879 880 1441 982 disciplinatus
1494 881 1658 979 regi
1712 879 2037 961 cuidam
2087 906 2362 958 versus
2405 906 2604 958 suos
2656 879 3002 969 offerret,
3054 906 3262 982 quos
3314 897 3675 983 acceptos

426 1020 435 1028 ·
552 998 689 1070 rex
736 994 946 1070 male
997 995 1298 1096 quippe
1349 994 1844 1095 compositos
1895 997 2216 1095 respuit,
2266 995 2546 1096 nilque
2597 993 2748 1070 sihi
2800 992 3040 1071 dedit.
3111 997 3390 1096 Inquit
3432 996 3676 1094 igitur

553 1105 1043 1185 versificator
1090 1108 1289 1206 regi:
1354 1107 1439 1184 Si
1503 1131 1673 1184 non
1737 1106 1889 1209 pro
1953 1106 2313 1187 versibus
2376 1108 2656 1185 saltem
2718 1133 2870 1209 pm
2921 1109 3444 1207 generositate
3492 1132 3672 1186 mea

558 1219 862 1321 aliquid
914 1221 1114 1297 mihi
1165 1219 1488 1297 tribuas,
1539 1261 1641 1277 -
1697 1226 1865 1300 Rex
1929 1245 2155 1321 ergo:
2209 1223 2423 1318 ‘Quis
2487 1235 2602 1299 est
2661 1235 2887 1323 pater
2943 1224 3179 1300 tuus?
3226 1262 3321 1281 -
3379 1225 3486 1298 At
3537 1220 3673 1301 ille

557 1334 709 1410 ‘sibi
758 1332 1155 1435 indicavit.
1252 1333 1384 1411 Ait
1424 1334 1544 1409 illi
1592 1334 1779 1411 rex-i
1812 1336 2123 1436 semen
2188 1338 2276 1412 in
2325 1350 2404 1413 te
2452 1334 2982 1434 degeneravit.
3021 1374 3124 1393 --
3171 1335 3326 1412 Cui
3371 1333 3673 1412 versifi-

557 1459 807 1523 cator:
871 1450 1149 1547 Saepe,
1208 1471 1386 1538 rex,
1452 1473 1604 1579 pro
1671 1447 2084 1526 frumento
2139 1451 2396 1526 oritur
2443 1448 2695 1547 silig0.
2743 1492 2844 1507 —
2891 1446 3015 1525 Ad
3065 1450 3261 1526 haec
3307 1472 3476 1525 rex:
3527 1450 3673 1525 'Tu

553 1573 637 1637 te
683 1560 1023 1636 minoris
1072 1562 1619 1661 generositatis
1667 1587 1912 1663 quam
1962 1576 2273 1668 patrem
2321 1574 2561 1665 tuum
2611 1585 2781 1639 esse
2828 1562 3352 1663 111οΒ115113-
3394 1560 3673 1640 Illum·

558 1697 721 1776 que
767 1674 1445 1751 irremuneratum
1495 1675 1607 1750 sic
1634 1674 1979 1755 dimisit.
2687 1734 2696 1747 ,
3615 1696 3650 1768 j

747 1790 818 1864 3.
915 1787 1142 1865 Α11115
1200 1785 1688 1864 versificator
1744 1790 1942 1865 item
2003 1789 2219 1865 venit
2267 1787 2370 1866 ad
2431 1810 2764 1891 regem,
2814 1801 3042 1888 patre
3085 1744 3458 1885 ignobili,
3525 1786 3673 1889 sed

555 1914 811 1978 matre
861 1923 1263 1999 gener-osa
1336 1902 1931 2002 Incompositus
1984 1901 2364 2004 equidem
2412 1901 2997 2002 incompositos
3037 1899 3332 1977 obtulit
3375 1925 3667 2005 versus,

558 2012 809 2112 Cujus
859 2028 1114 2095 mater
1171 2012 1516 2090 habebat
1573 2015 2006 2093 litteratum
2054 2014 2379 2093 fratrem
2432 2028 2509 2090 et
2566 2012 2843 2090 facetia
2891 2011 3430 2114 splendidum.
3502 2018 3670 2092 Rex

558 2142 829 2205 autem
877 2127 1329 2204 honorifice
1382 2151 1571 2204 eum
1621 2129 1984 2230 suscepit.
2088 2127 2493 2224 Quaesivit
2549 2141 2819 2204 tamen
2878 2125 2976 2203 ab
3029 2151 3126 2204 eo
3181 2125 3404 2225 cujus
3454 2126 3670 2207 filius

557 2255 778 2320 esset,
876 2244 979 2321 At
1023 2240 1158 2317 ille
1204 2240 1653 2342 praetendit
1702 2243 1773 2319 ei
1826 2239 2313 2319 avunculum
2366 2265 2642 2332 suum,
2703 2240 2928 2318 unde
2987 2266 3125 2319 rex
3183 2240 3270 2317 in
3321 2241 3666 2320 nimium

553 2356 813 2432 risum
862 2377 947 2432 se
998 2355 1401 2447 convertit.
1499 2351 1744 2453 Aiunt
1807 2356 1879 2431 ei
1946 2356 2098 2433 sui·
2135 2355 2598 2432 familiares:
2671 2354 2909 2433 Unde
2956 2356 3104 2432 iste
3150 2369 3414 2433 tantus
3461 2355 3667 2433 risus

552 2463 963 2570 procedit?
1010 2507 1107 2524 —
1152 2468 1287 2544 Ait
1332 2467 1501 2544 rex:
1564 2468 1954 2554 Fabulam
2009 2467 2428 2570 ,quandam
2477 2466 2567 2543 in
2615 2466 2862 2543 libro·
2893 2467 3256 2570 quodam
3302 2470 3668 2567 legeram,

556 2608 806 2685 quam
854 2582 988 2658 hic
1038 2580 1293 2657 oculis
1328 2581 1759 2683 conspicio,
1810 2623 1910 2639 —
1955 2584 2058 2660 At
2087 2582 2234 2657 illi:
2286 2586 2703 2678 Quaenam
2755 2595 2870 2662 est
2916 2582 3097 2659 illa?
3143 2626 3242 2642 --
3288 2584 3420 2661 Ait
3451 2607 3617 2660 rex:

748 2698 821 2771 4.
880 2693 1220 2774 ίΜ11111111
1269 2694 1582 2772 noviter
1627 2695 1910 2772 natum
1958 2696 2237 2796 vulpes
2286 2696 2375 2772 in
2424 2696 2736 2798 pascuis
2784 2696 3106 2785 invenit,
3156 2711 3233 2774 et
3265 2696 3667 2774 admirans

556 2806 693 2884 ait:
745 2810 878 2883 Tu
927 2808 1107 2908 quis
1160 2809 1284 2883 es?
1329 2850 1429 2867 —
1474 2810 1748 2887 Mulus
1800 2810 2010 2898 dicit,
2062 2833 2146 2885 se
2193 2808 2347 2886 Dei
2401 2831 2570 2885 esse
2622 2811 3084 2884 creaturam.
3119 2815 3235 2862 ‘—-
3296 2811 3447 2883 Cui
3475 2809 3669 2886 ‘vul-

549 2944 727 3022 pes:
796 2921 1166 2998 Habesne
1210 2923 1518 3022 patrem
1580 2923 1705 3002 vel
1765 2924 2155 3001 matrem?
2213 2962 2312 2981 --
2370 2921 2646 3000 Mulus
2696 2919 2833 2997 ait:
2906 2918 3368 2997 Avunculus
3428 2943 3664 3000 meus

555 3048 675 3111 est
721 3058 979 3135 equus
1028 3057 1483 3134 generosus.
1528 3077 1628 3094 —
3495 3041 3502 3048 ’

750 3148 976 3226 Sicut
1023 3171 1212 3249 ergo
1262 3148 1539 3227 mulus
1570 3171 1741 3225 non
1775 3150 2244 3281 recognovit
2269 3148 2588 3224 asinum
2620 3162 2931 3250 patrem
2979 3140 3241 3235 suum,
3293 3159 3389 3222 eo
3432 3146 3662 3248 quod

549 3262 873 3364 pigrum
927 3277 1004 3341 et
1052 3262 1419 3341 deforme
1470 3262 1764 3339 animal
1815 3277 1957 3352 est,
2033 3263 2144 3337 sic
2207 3262 2357 3339 iste
2405 3274 2715 3362 patrem
2775 3284 3020 3339 suum
3069 3256 3433 3387 confiteri
3479 3286 3660 3339 eru·

551 3377 923 3454 hescebat
967 3401 1120 3478 pro
1172 3373 1469 3451 inertia'
1502 3371 1645 3453 'sua
1696 3375 2220 3474 incognitum.

753 3496 821 3568 5.
895 3495 1063 3569 Rex
1111 3503 1381 3565 tamen
1434 3503 1900 3566 convertens
1951 3514 2035 3565 se
2071 3487 2200 3568 ad
2213 3487 2832 3568 versificatorem
2871 3488 3009 3567 ait:
3054 3487 3409 3588 volout
3452 3487 3654 3568 mihi

550 3603 856 3681 indices
904 3616 1213 3728 patr-em
1263 3614 1519 3677 tuum.
1569 3642 1666 3658 -
1713 3605 1815 3680 At
1861 3602 1993 3678 ille
2057 3604 2210 3682 sibi
2274 3602 2665 3680 indicavit.
2767 3603 3166 3736 Cognovit
3224 3603 3466 3702 igitur
3521 3626 3659 3678 rex

552 3715 781 3820 quod
831 3720 1054 3818 pater
1104 3713 1271 3812 ejus
1308 3713 1492 3790 vilis
1545 3728 1623 3790 et
1666 3715 2302 3816 indisciplinatus
2339 3731 2519 3806 erat,
2572 3730 2649 3794 et
2694 3714 2804 3795 ait
2834 3720 3076 3795 servis
3108 3717 3304 3796 suis:
3352 3719 3657 3793 Demus

548 3825 742 3906 huic
795 3825 897 3907 de
947 3827 1188 3976 rebus
1235 3828 1550 3978 nostris,
1601 3825 1830 3948 quod
1878 3853 2052 3905 non
2103 3827 2543 3928 degenerat.
3195 3865 3205 3873 ·

1820 3991 2232 4130 ''VL

742 4191 808 4264 1.
890 4189 1019 4267 Ait
1049 4190 1301 4268 Arabs
1331 4190 1531 4293 patri
1580 4215 1730 4270 suo
1750 4219 1769 4269 ε
1792 4190 2080 4270 ·Μ1·1·οι·
2119 4214 2258 4268 me
2305 4188 2584 4291 legisse
2631 4137 2718 4267 in
2763 4181 3271 4294 temporibus
3315 4202 3658 4291 praeter·
