3969 4580
287 178 673 359 mophis
694 251 952 335 tribus
1000 277 1191 331 cum
1235 251 1646 355 praedicto
1696 255 2072 356 sapiente
2099 257 2184 333 in
2207 260 2508 339 er‘emo
2541 262 3157 366 remanentibus,
3209 266 3403 397 qua·-

283 379 479 445 tuor
523 367 1172 470 repatriaverunt,
1225 370 1366 470 qui
1416 368 1719 459 omnia,
1767 383 1861 447 ut
1909 370 2215 448 dictum
2267 375 2379 452 eis
2425 373 2700 466 fuerat,
2750 403 2932 459 vera
2987 393 3065 456 et
3113 378 3403 458 consti-

286 492 456 558 tuta
504 480 1001 561 invenerunt.

480 598 550 671 6.
644 594 896 672 Arabs
957 592 1356 725 castigavit
1421 556 1688 670 filium
1755 618 2029 672 suum:
2102 601 2225 678 Ne
2271 600 2614 677 moreris
2663 601 2749 677 in
2802 603 3105 682 civitate
3125 603 3397 709 regis»,

289 703 514 807 cujus
564 714 900 810 expensa
950 707 1099 785 erit
1142 702 1402 806 'major
1450 731 1698 809 quam
1746 732 2049 787 census·

1646 896 2037 991 XXVII.

484 1051 552 1125 1.
650 1047 975 1127 Dictum
1024 1062 1142 1127 est
1188 1070 1541 1150 namque
1592 1049 1819 1152 quod
1872 1050 2209 1154 quidam
2258 1074 2394 1128 rex
2442 1076 2784 1131 suorum
2824 1055 3242 1133 communi
3278 1080 3397 1133 as-

285 1180 527 1237 sensu
583 1186 1010 1263 procerum
1072 1163 1399 1255 cuidam
1462 1187 1616 1240 suo
1679 1162 2083 1254 familiari,
2168 1189 2414 1267 quem
2480 1181 2703 1244 antea
2769 1183 3249 1267 cognoverat
3305 1169 3392 1244 in

283 1274 812 1352 saecularibus
877 1296 1047 1352 esse
1110 1276 1625 1378 prudentem,
1697 1279 1946 1355 totius
2022 1279 2248 1377 regni
2325 1277 2674 1355 habenas
2735 1281 3174 1370 commisit,
3250 1279 3416 1382 qui‘

132 1482 145 1489 ὴ
282 1386 737 1488 provinciae
798 1389 1161 1466 redditus
1209 1391 1628 1493 reciperet,
1702 1390 1980 1493 placita
2043 1405 2437 1481 tractaret,
2514 1392 2858 1470 domum
2928 1394 3390 1495 domusque

282 1499 690 1585 ministros
767 1514 844 1577 et
905 1526 1280 1605 expensas
1349 1502 1771 1581 ordinaret.
1872 1503 2123 1602 Cujus
2170 1503 2445 1595 frater,
2522 1506 2839 1582 alterius
2886 1507 3111 1606 regni
3164 1505 3400 1582 dives

212 1668 217 1675 -
280 1626 695 1703 mercator,
744 1632 1140 1694 remotam
1176 1617 1575 1696 incolebat
1622 1618 2034 1707 civitatem,
2085 1618 2225 1720 qui
2277 1634 2651 1721 percepto
2703 1643 3034 1695 rumore
3085 1618 3187 1694 de
3235 1617 3390 1695 fra·

279 1726 424 1805 tris
472 1727 1065 1819 sublimatione,
1113 1743 1388 1833 parato
1442 1731 1825 1808 comitatu
1871 1745 2121 1833 prout
2169 1731 2470 1821 decuit,
2533 1746 2624 1808 ut
2671 1724 2995 1807 fratrem
3044 1723 3391 1808 visitaret

279 1836 433 1917 iter
480 1842 841 1942 suscepit.
935 1847 1006 1920 2.
1056 1843 1501 1920 Praemisso
1551 1858 1822 1921 tamen
1871 1844 2194 1933 nuncio,
2245 1869 2349 1921 ne
2389 1836 2700 1922 subitus
2737 1859 2872 1921 aut
2903 1844 3388 1947 improvisus

278 1951 600 2045 veniret,
650 1956 788 2055 qui
843 1955 944 2034 de
993 1955 1341 2034 adventu
1388 1982 1537 2055 suo
1590 1956 1809 2033 fratri
1858 1956 2205 2045 referret,
2255 1956 2539 2033 civitati
2589 1957 2674 2035 in
2729 1983 2884 2060 qua
2933 1957 3175 2035 frater
3223 1971 3398 2035 erat
3518 2010 3524 2019 -

281 2066 962 2169 appropinquavit.
1107 2068 1405 2147 Audito
1480 2068 1740 2146 fratris
1814 2071 2164 2145 adventu
2235 2068 2476 2143 frater
2548 2071 2925 2157 occurrit,
3003 2085 3081 2146 et
3151 2069 3384 2147 hilari

277 2179 508 2257 vultu
565 2181 747 2261 satis
797 2200 988 2261 eum
1040 2196 1397 2260 accurate
1422 2182 1807 2284 ,suscepit
1907 2180 2353 2258 Transactis
2416 2180 2814 2280 aliquibus
2866 2182 3150 2259 diebus
3198 2207 3388 2285 pro-

277 2293 469 2380 viso
498 2290 684 2372 loco
735 2310 813 2372 et
857 2311 1224 2399 tempore
1272 2297 1438 2395 regi
1490 2299 1727 2376 etiam
1779 2295 2186 2373 advenisse
2233 2292 2562 2371 fratrem
2610 2296 3092 2374 suum.inter
3125 2312 3382 2375 cetera

280 2429 486 2510 quae
547 2407 876 2488 sciebat
857 2410 1206 2511 placere
1264 2410 1554 2487 retulit.
1647 2415 1718 2487 3.
1788 2411 1938 2487 Cui
2002 2433 2171 2484 rex:
2248 2408 2331 2484 Si
2396 2404 2635 2482 frater
2697 2422 2885 2484 tuus
2957 2422 3225 2485 tecum
3288 2409 3375 2485 in
3459 2432 3466 2440 ’

276 2544 528 2619 regno
577 2545 765 2604 meo
831 2523 1310 2624 acquieverit
1366 2546 1813 2613 remanere,
1876 2524 2151 2600 omnia
2198 2535 2466 2598 tecum
2516 2520 2660 2608 illi,
2725 2521 2962 2598 etiam
3011 2546 3380 2600 mearum

278 2633 728 2720 custodiam·
787 2659 1063 2710 rerum
1126 2657 1650 2711 communem
1716 2659 1884 2712 esse
1944 2636 2328 2713 concedo.
2453 2632 2766 2730 Quodsi
2827 2633 3189 2710 laborem
3259 2659 3381 2711 re

280 2750 574 2837 nuerit,
624 2748 711 2826 in
759 2745 908 2824 hac
958 2747 1263 2826 civimte
1308 2748 1561 2847 largas
1610 2748 1681 2824 ei
1732 2751 2272 2849 possessiones
2323 2745 2671 2834 donabo,
2732 2760 2811 2824 et
2859 2771 3143 2826 omnes
3194 2771 3384 2825 con-

282 2862 775 2949 suetudines,
842 2873 923 2937 et
980 2861 1209 2963 quod
1270 2862 1473 2937 mihi
1539 2860 1866 2938 defieret
1924 2860 2182 2937 facere
2250 2857 2757 2936 condonabo.
2858 2859 2942 2936 Si
3006 2884 3197 2938 vero
3249 2859 3388 2938 de·-

279 3002 535 3065 mum,
582 2988 857 3054 metus·
884 3000 1160 3052 amore
1209 2973 1485 3051 natalis
1534 2973 1721 3063 soli,
1770 2973 2195 3076 repatriare
2244 2973 2532 3062 voluit,
2595 2974 2826 3075 plura
2874 2973 3386 3049 vestimento·-

280 3115 471 3168 rum
541 3090 968 3166 mutatoria
1043 3102 1121 3166 et
1192 3099 1750 3191 quaecumque
1825 3088 1896 3164 ei
1972 3088 2408 3162 necessaria
2481 3085 2781 3164 fuerint
2847 3086 3150 3185 largire·
3197 3111 3388 3163 cum

283 3200 787 3282 abundantia.
837 3244 934 3260 -
984 3204 1064 3278 4.
1127 3200 1440 3279 Auditis
1489 3201 2000 3278 sermonibus
2059 3200 2266 3299 regis
2327 3198 2569 3278 frater
2615 3199 2940 3276 fratrem
2991 3200 3388 3289 convenit,

284 3329 365 3398 ά
410 3330 700 3417 quanta
751 3313 1136 3396 dominus
1184 3314 1661 3417 promiserat
1708 3313 1997 3391 ordine
2051 3315 2456 3392 enarravit.
2560 3313 2711 3390 Cui
2779 3310 3048 3390 frater:
3119 3311 3202 3388 si
3263 3311 3383 3387 vis

281 3443 378 3510 ut
422 3443 685 3510 tecum
735 3454 1027 3520 morer,
1079 3429 1415 3507 ostende
1444 3426 1645 3503 mihi
1684 3427 1955 3530 quanti
1992 3427 2151 3504 sint
2193 3427 2557 3505 redditus
2588 3428 2814 3524 regis.
2849 3465 2952 3482 -
2980 3429 3158 3526 Ipse
3195 3448 3398 3502 vero

284 3567 573 3623 omnes
642 3542 1010 3622 ostendit.
1059 3607 1065 3616 .
1131 3540 1463 3620 Deinde:
1518 3539 2056 3638 interrogavit,
2145 3566 2342 3642 quas
2420 3564 2799 3640 expensas
2870 3563 3005 3613 rex
3077 3534 3384 3614 faceret.

287 3655 537 3755 Quod
599 3668 681 3734 et
737 3655 908 3756 ipse
966 3653 1362 3735 indicavit.
1461 3658 1693 3730 Tunc
1766 3654 1937 3754 ipse
2012 3653 2501 3755 computavit
2573 3676 2763 3728 cum
2832 3648 3071 3727 fratre
3136 3646 3384 3753 quod,

284 3783 631 3873 quantus
681 3782 845 3846 erat
888 3766 1283 3857 redditus,
1333 3781 1545 3844 tanta
1590 3780 1762 3844 erat
1810 3790 2181 3868 expensa,
2245 3781 2322 3843 et
2372 3765 2568 3843 dixit
2614 3763 2870 3840 fratri:
2956 3768 3026 3840 5.
3088 3765 3386 3852 Amice,

283 3882 521 3960 video
582 3895 879 3958 tantam
945 3880 1366 3980 esseregis
1417 3903 1839 3981 expensam
1890 3894 2238 3980 quantus
2287 3893 2402 3957 est
2446 3876 2832 3955 redditus.
2928 3879 3030 3955 Et
3078 3879 3143 3955 si
3196 3902 3406 3957 con-f
3523 3975 3538 3978 -

287 3996 705 4078 surrexerit
749 3994 1061 4073 bellum
1098 3995 1281 4092 regi
1320 4007 1616 4083 vestro,
1669 3993 1792 4070 vel
1853 3993 2160 4094 aliquid
2209 3992 2382 4078 tale,
2432 3993 2658 4070 unde
2704 3991 3167 4094 procurabit
3215 3987 3386 4092 ipse

284 4108 579 4188 milites
608 4113 862 4198 suos?
890 4108 1041 4196 Vel
1083 4106 1308 4188 unde
1356 4107 1705 4192 inveniet
1736 4107 1850 4187 eis
1884 4108 2316 4184 nummos?
2359 4145 2463 4164 -
2507 4110 2816 4185 Frater.
2863 4104 3161 4207 Aliquo
3194 4124 3386 4180 con-

2640 4222 2740 4298 10
2841 4297 2853 4306 .
