3969 4580
1780 123 1902 216 53

298 315 613 394 dictum
677 328 755 393 et
824 313 1079 392 filiam
1144 336 1417 393 meam
1480 337 1879 425 amorem,
1965 316 2430 417 numquam
2478 314 2564 392 in
2633 339 2912 395 canem
2971 331 3421 397 mutaretur

297 429 464 508 filia
495 454 694 507 mea.
792 435 863 506 8.
899 430 1050 507 Cui
1107 429 1215 508 ait
1259 428 1556 505 mulier
1606 442 1837 505 casta:
1893 429 2252 506 Obsecro
2302 444 2398 505 ut
2445 433 2873 508 consilium
2922 432 3124 508 mihi
3172 432 3416 533 hujus

289 546 409 623 rei
458 544 655 622 utile
706 543 954 632 dicam,
1014 544 1151 632 ne,
1218 542 1541 643 propria
1591 539 1854 618 forma
1902 566 2083 618 mea
2132 543 2461 643 privata,
2527 543 2826 622 efficiar
2890 546 3265 624 canicula.
3311 584 3415 609 --—

290 657 420 738 Ad
466 659 665 735 haec
715 657 1010 735 vetula:
1057 656 1430 732 Libenter
1475 680 1627 755 pro
1676 656 1827 732 Dei
1876 680 2197 745 amore,
2249 671 2327 733 et
2376 657 2688 735 animae
2733 680 2963 737 meae
3009 660 3412 752 remedie,

293 787 375 851 et
424 773 613 902 quia
661 772 1048 847 misereor
1092 768 1211 845 tui
1260 768 1480 859 hunc
1529 769 2079 871 supradictum
2119 795 2497 871 quaeram
2540 768 2934 869 juvenem,
2986 787 3082 863 et,
3113 775 3180 851 si
3221 798 3413 852 eum

290 886 651 963 invenire
668 898 1018 986 potem,
1081 881 1186 958 ad
1234 896 1313 959 te
1360 882 1767 959 reducam.
1817 924 1919 939 --
2003 884 2154 962 Cui
2209 885 2490 982 gratias
2541 886 2701 982 egit
2743 886 3054 964 mulier.
3149 891 3250 964 Et
3298 888 3410 973 sic

291 1024 495 1077 anus
528 992 995 1075 artificiosa
1017 994 1247 1072 dictis
1295 994 1547 1073 fidem
1596 996 1996 1098 praebuit,
2061 1011 2142 1075 et
2202 1022 2451 1099 quem
2513 1000 2887 1100 promisit
2925 998 3310 1078 reduxit
3287 1026 3410 1099 ju·

291 1116 612 1201 venem,
666 1125 745 1188 et
790 1112 903 1186 sic
953 1134 1095 1187 eos
1145 1110 1573 1188 associant.

486 1222 1053 1325 9.Discip111us
1101 1226 1513 1323 magistro:
1561 1226 2034 1325 Numquam
2085 1223 2352 1302 audivi
2402 1239 2567 1301 tam
2617 1226 2990 1306 miralebi
3043 1229 3280 1332 quid,
3329 1242 3410 1308 et

290 1353 551 1443 puto
546 1338 748 1414 fieri
822 1352 992 1423 arte
1061 1336 1405 1413 Diaboli.
1477 1376 1580 1394 —
1661 1339 2068 1437 Magister:
2147 1342 2270 1416 Ne
2336 1338 2669 1416 dubites.
2734 1381 2838 1401 -·
2887 1344 3406 1447 Discipulus:

293 1454 554 1555 Spero
627 1449 855 1554 quod
920 1449 988 1524 si
1053 1450 1233 1550 quis
1292 1448 1548 1526 homo
1608 1462 1772 1527 tam
1839 1453 2151 1554 sapiens
2220 1452 2368 1529 erit
2442 1465 2537 1527 ut
2615 1476 2931 1555 semper
2984 1458 3262 1534 timeat
3323 1482 3409 1536 se

288 1591 526 1668 posse
579 1563 840 1664 decipi
892 1575 1054 1638 arte
1101 1563 1488 1652 mulieris,
1550 1562 1878 1641 forsitan
1946 1566 2046 1641 ab
2115 1563 2282 1663 ejus
2331 1565 2657 1665 ingenio
2708 1589 2793 1642 se
2843 1569 3245 1647 custodire
3277 1555 3430 1650 va?
3547 1568 3556 1581 “

192 1696 203 1707 “
289 1676 505 1756 lebit.
552 1717 655 1753 -.-
724 1676 1127 1774 Magister:
1174 1675 1465 1752 Audivi
1517 1676 1618 1753 de
1669 1678 2034 1780 quodam
2078 1679 2450 1768 homine,
2502 1678 2639 1779 qui
2691 1680 3043 1758 multum
3094 1683 3406 1760 labora-

289 1792 405 1868 vit
462 1805 559 1866 ut
614 1815 846 1866 suam
912 1786 1376 1878 custodiret,
1449 1789 1593 1871 sed
1657 1791 1860 1869 nihil
1923 1790 2251 1892 profuit.
2311 1831 2414 1849 —
2484 1792 2943 1893 Discipulus
2989 1796 3405 1893 magistro:

286 1905 442 1984 Dic
489 1904 729 1993 mihi,
778 1917 877 1980 ut.
917 1901 1210 1980 melius
1255 1902 1320 1978 si
1369 1926 1616 2003 quam
1667 1902 1975 1983 duxero
2007 1905 2313 1983 valeam
2347 1905 2768 2011 custodire.
2803 1946 2905 1965 --
2949 1906 3355 2007 Magister:

1737 2095 1945 2190 XV.

487 2252 554 2326 1.
636 2247 992 2346 Quidam
1041 2246 1348 2354 juvenis
1396 2245 1550 2326 fuit
1609 2248 1750 2349 qui
1800 2262 2053 2327 totam
2099 2246 2634 2329 intentionem
2686 2268 2955 2337 suam,
3010 2261 3090 2327 et
3135 2262 3408 2328 totum

264 2385 617 2441 sensum
667 2359 942 2454 suum,
1006 2378 1084 2441 et
1146 2362 1409 2438 adhuc
1471 2376 1740 2438 totum
1801 2371 2122 2464 tempus
2171 2389 2414 2440 suum
2462 2364 2686 2440 misit
2736 2363 2838 2440 ad
2888 2363 3065 2453 hoc,
3111 2377 3208 2439 ut
3255 2363 3403 2439 sci·

285 2487 411 2552 r‘et
459 2477 1022 2553 omnimodam
1072 2490 1323 2552 artem
1370 2475 1752 2565 mulieriS,
1805 2491 1882 2553 et
1927 2475 2088 2552 hoc
2136 2473 2344 2553 facto
2398 2476 2653 2552 voluit
2702 2475 2994 2553 ducere
3042 2499 3401 2553 uxorem.

290 2588 455 2668 Sed
500 2591 877 2691 primitus
924 2589 1266 2688 perrexit
1330 2612 1708 2688 quaerere
1758 2589 2226 2677 consilium:
2292 2604 2369 2667 et
2431 2589 2994 2691 sapientiorem
3043 2588 3229 2665 illus
3280 2611 3404 2667 re·

288 2702 553 2800 gionis
603 2702 799 2778 adiit
843 2700 1285 2790 hominem,
1336 2712 1414 2776 et
1464 2701 1801 2801 qualiter
1849 2701 2254 2778 custodire
2299 2714 2572 2803 posset
2620 2725 2867 2801 quam
2919 2698 3214 2777 ducere
3261 2724 3401 2778 vo*

236 2887 241 2892 .
289 2814 504 2903 lebat
566 2814 953 2917 quaesivit
1013 2837 1370 2890 uxorem.
1466 2816 1537 2889 2.
1617 2815 1945 2917 Sapiens
2006 2839 2197 2891 vero
2274 2814 2468 2890 haec
2540 2812 2875 2891 audiens
2952 2807 3220 2891 dedit·
3248 2814 3400 2891 sibi

288 2928 748 3018 consilium,
803 2926 1028 3030 quod
1082 2941 1577 3004 construeret
1624 2927 1972 3004 domum
2025 2928 2200 3004 altis
2244 2925 2685 3028 parietibus
2733 2925 3101 3028 lapideis,
3151 2950 3403 3030 pone

288 3039 570 3152 retque
617 3043 834 3120 intus
881 3043 1339 3131 mulierem,
1394 3040 1777 3143 daretque
1826 3042 1979 3118 sibi
2031 3042 2213 3119 satis
2264 3040 2364 3118 ad
2418 3038 3051 3130 comedendum,
3103 3055 3182 3118 et
3229 3066 3402 3122 non

286 3145 691 3257 superflua
740 3156 1260 3243 indumenta,-
1317 3153 1772 3257 faceretque
1834 3157 1943 3234 ita
2010 3135 2356 3232 domum
2425 3150 2653 3256 quod
2705 3176 2874 3227 non
2927 3166 3130 3232 esset
3175 3155 3260 3231 in
3291 3179 3404 3232 ea

194 3337 209 3342 -
284 3269 442 3346 nisi
494 3269 763 3347 solum
814 3269 1113 3384 ostium
1162 3268 1496 3370 solaque
1542 3267 1883 3347 fenestra
1932 3293 2080 3373 per
2115 3291 2362 3371 quam
2406 3264 2730 3354 videret,
2781 3266 2924 3342 sed
2973 3280 3186 3344 tanta
3237 3263 3405 3344 alti-

284 3381 573 3460 tudine
603 3407 752 3484 per
800 3373 1047 3486 quam
1094 3405 1341 3460 nemo
1373 3383 1666 3459 intrare
1714 3396 1990 3513 posset
2015 3377 2140 3458 vel
2191 3382 2419 3460 exire.
2514 3377 2960 3456 3.‘.1uvenis
3005 3402 3215 3479 ergo,
3266 3403 3440 3476 au·-⁴

288 3492 466 3572 dito
531 3496 865 3573 consilio
915 3496 1322 3600 sapientis,
1398 3494 1605 3570 sicut
1674 3497 1746 3571 ei
1820 3497 2162 3594 jusserat
2227 3495 2400 3594 egit.
2511 3498 2752 3571 Mane
2815 3505 3024 3568 vero
3069 3489 3402 3594 quando

174 3617 191 3632 ‘
283 3604 598 3708 juvenis
648 3606 751 3685 de
800 3608 1052 3686 domo
1107 3609 1363 3685 exibat
1408 3605 1710 3685 ostium
1762 3607 2062 3687 domus
2110 3605 2522 3696 firmabat,
2547 3619 2629 3683 et
2673 3604 3040 3681 similiter
3070 3603 3402 3709 quando

284 3719 649 3799 intrabat.
720 3720 1436 3816 Quandotaman
1488 3721 1939 3799 dormiebat
1999 3721 2152 3799 sub
2217 3720 2470 3823 capite
2534 3743 2686 3797 suo
2747 3718 3052 3798 clavem
3104 3716 3404 3797 domus

286 3833 669 3937 ponebat.
760 3837 941 3910 Hoc
1010 3859 1205 3912 vero
1276 3836 1526 3934 longo
1599 3849 1968 3937 tempore
2042 3836 2217 3936 εειι.
2319 3832 2689 3930 Quadam
2738 3857 2931 3912 vero
2986 3829 3139 3921 die,
3198 3830 3402 3910 dum

285 3943 597 4047 juvenis
617 3945 779 4028 iret
816 3945 921 4024 ad
948 3945 1263 4037 *forum
1310 3948 1609 4026 mulier
1651 3973 1815 4038 sua,
1862 3963 1961 4026 ut
1987 3962 2171 4026 erat
2202 3947 2432 4027 solita
2466 3943 2760 4038 facere,
2796 3945 3151 4026 ascendit
3181 3943 3403 4023 fene·

286 4073 534 4138 serm
563 4072 645 4136 et
689 4075 966 4139 euntes
1014 4067 1096 4139 et
1138 4058 1564 4139 redeuntes
1610 4062 1911 4141 intente
1944 4062 2262 4193 aspexit.
2351 4059 2421 4140 4.
2467 4067 2682 4144 Haec
2726 4085 2890 4140 una
2939 4059 3094 4148 die,
3144 4081 3406 4159 quum

287 4171 421 4254 ad
468 4171 901 4255 fenestram
954 4189 1231 4341 staret.
1291 4175 1497 4258 vidit
1562 4176 1972 4281 quendam
2043 4175 2415 4278 juvenem
2430 4233 2454 4269 ,
2523 4172 2985 4258 formosum
3051 4193 3401 4278 corpore
