3969 4580
277 318 431 398 alia
475 330 697 420 parte
756 315 963 393 mihi
1021 312 1339 392 videtur
1398 312 1629 415 quod
1675 314 1821 390 iste
1868 337 2178 416 pauper
2222 313 2481 393 homo
2533 315 2737 395 nihil
2769 316 3129 422 amplius
3176 320 3394 401 i'm're-

275 432 400 509 nit
449 457 693 533 quam
757 427 1131 506 reddidit.
1232 426 1515 523 Quod,
1589 427 1849 509 malus
1914 427 2190 504 homo⁵
2253 430 2317 506 si
2393 445 2630 521 esset,
2705 457 3125 536 nunquam
3193 436 3394 540 quid

264 544 786 640 reddidisset,
846 544 1105 619 immo
1170 554 1438 617 totum
1490 540 1792 618 celaret.
1842 580 1942 597 -
2039 546 2104 620 7.
2160 547 2418 645 Tunc,
2442 569 2607 621 rex:
2686 547 2905 641 Quid
2957 564 3222 631 autem
3270 549 3393 650 ju-

279 658 501 737 dicas
545 658 783 735 inde?
829 694 933 713 —--
1011 654 1587 756 Philosophus:
1647 657 1850 743 Rex,
1914 676 2148 733 sume
2199 681 2563 754 censum,
2628 672 2705 734 et
2755 659 2855 737 da
2907 687 2998 739 ex
3049 689 3147 742 eo
3196 691 3392 767 pau-

275 772 451 876 peri
502 784 827 848 centum
886 769 1201 857 talenta,
1282 782 1359 845 et
1429 767 1656 870 quod
1728 770 2202 847 remanserit
2274 796 2492 849 serva
2563 771 2826 850 donec
2886 780 3189 857 venerit
3250 780 3390 881 qui
3497 842 3508 851 .

277 904 631 963 censum
689 898 1039 986 quaerat;
1113 881 1341 984 quod
1402 906 1574 957 non
1626 881 1787 958 hic
1808 895 1957 970 est,
2008 881 2234 982 eujus
2295 884 2441 960 iste
2514 909 2796 963 census
2869 891 2989 966 sit.
3088 895 3189 969 Et
3235 892 3396 970 hic

280 999 501 1077 dives
549 998 805 1076 homo
855 997 1115 1073 vadat
1134 995 1236 1072 ad
1284 1019 1801 1096 praeconem,
1851 1008 1930 1072 et
1974 994 2210 1073 faciat
2239 998 2728 1097 interrogare
2764 1003 3170 1080 sacculum
3203 1031 3400 1082 cum,

280 1112 609 1190 duobus
676 1109 1191 1212 serpentibus.
1251 1148 1355 1164 ·-
1440 1110 1635 1208 Regi
1714 1123 1981 1186 autem
2058 1111 2393 1211 placuit:
2428 1110 2587 1187 hoc
2651 1111 3079 1211 judicium,
3154 1132 3390 1220 atque

282 1220 673 1305 omnibus
719 1221 1410 1299 circumstantibus
1460 1222 1595 1298 ihi.
1684 1226 1765 1300 8.
1827 1224 2067 1299 Dives
2129 1249 2318 1301 vero
2374 1227 2512 1326 qui
2566 1229 2971 1305 sacculum
3021 1230 3391 1333 perdide-

278 1354 405 1423 rat
450 1341 608 1417 hoc
660 1337 994 1419 audiens
1040 1336 1343 1437 inquit:
1390 1340 1617 1414 Bone
1663 1360 1836 1424 rex,
1889 1334 2072 1413 dico
2124 1337 2402 1425 tibiin
2454 1341 2775 1417 veritate
2807 1342 3027 1420 hunc
3059 1369 3390 1431 censum

274 1454 524 1532 fuisse
586 1474 900 1536 meum3
972 1449 1116 1525 sed
1190 1450 1377 1551 quia
1440 1448 1811 1526 volebam
1874 1452 2207 1552 pauperi
2277 1452 2501 1554 quod
2563 1479 2850 1561 praeco
2915 1458 3393 1558 promiserat

279 1567 621 1656 auferre,
686 1563 844 1639 dixi
898 1562 1100 1638 mihi
1151 1562 1416 1639 adhuc
1466 1562 1711 1640 alium
1763 1578 2214 1665 serpentem
2267 1565 2572 1644 deesse.
2654 1568 2820 1667 ,Sed
2869 1569 3163 1662 modo,
3222 1598 3388 1662 rex,

276 1682 442 1759 mei
500 1680 920 1765 miserere,
996 1689 1075 1752 et
1149 1674 1376 1777 quod
1453 1702 1740 1777 praeco
1804 1678 2180 1779 promisit
2237 1679 2575 1757 reddam
2634 1684 2988 1784 pauperi.
3050 1725 3154 1741 ·-
3222 1688 3388 1764 Rex

277 1794 475 1872 inde
528 1816 858 1870 censum
908 1813 1151 1865 suum
1197 1786 1556 1867 reddidit
1607 1790 1860 1880 diviti,
1930 1791 2146 1868 dives
2199 1807 2465 1871 antem
2501 1797 2866 1898 pauperi.
2962 1799 3078 1877 Ita
3125 1799 3392 1900 philo·

277 1907 588 2011 sophus
640 1928 881 1982 sensu
929 1917 1007 1980 et
1052 1901 1376 2001 ingenio
1427 1904 1784 1981 liberavit
1830 1930 2336 2008 pauperem.

466 2025 543 2121 9.
640 2017 1128 2119 Discipulus:
1199 2019 1546 2117 Apparet
1631 2015 1793 2093 hoc
1869 2041 2037 2095 esse
2109 2019 2526 2116 ingenium
2601 2023 3086 2125 philosophi.
3208 2029 3386 2104 Hoc

279 2112 646 2236 exemplo
696 2155 869 2211 non
920 2144 1038 2208 est
1091 2129 1397 2207 mirum
1450 2126 1552 2208 de
1603 2129 1917 2208 duabus
1967 2129 2440 2209 mulieribus
2493 2160 2688 2236 quas
2739 2136 3130 2215 Salomon
3177 2137 3386 2237 judi-

106 2335 117 2352 κ
230 2249 503 2328 cavit.
548 2287 650 2307 -

475 2365 589 2440 10.
640 2359 1185 2462 Philosophus
1222 2358 1371 2438 ait.
1423 2362 1546 2438 Ne
1596 2358 2071 2458 aggrediaris
2120 2363 2329 2439 viam
2383 2385 2570 2438 cum
2623 2362 2926 2466 aliquo,
2953 2363 3128 2464 ‚nisi
3164 2363 3390 2465 prius

274 2477 548 2578 ipsum
598 2475 1086 2575 cognoveris.
1132 2513 1234 2532 —-
1307 2475 1390 2550 Si
1454 2473 1886 2575 quisquam
1948 2476 2093 2551 tibi
2143 2476 2466 2573 ignotus
2516 2501 2600 2552 se
2648 2476 2733 2564 in
2783 2479 2906 2554 via
2959 2477 3386 2556 associave-

274 2591 411 2678 rit,
458 2591 770 2690 iterque
814 2604 1054 2665 tuum
1100 2586 1707 2682 investigaverit,
1759 2587 1888 2664 dic
1934 2602 2015 2663 te
2063 2588 2381 2687 longius
2430 2589 2546 2666 ire
2597 2600 2842 2690 quam
2880 2589 3386 2693 disposueris

280 2717 361 2781 et
418 2702 485 2778 si
550 2701 833 2779 detulit
894 2700 1283 2789 lanceam,
1353 2695 1555 2777 vade
1617 2697 1718 2776 ad
1786 2700 2174 2791 dextram,
2247 2715 2327 2778 et
2389 2701 2454 2776 si
2521 2725 2795 2778 ensem
2859 2700 3060 2779 vade
3111 2702 3224 2781 ‘ad
3286 2705 3392 2782 si-.

276 2817 631 2896 nisu-am.
3385 2845 3392 2856 ·

325 3014 333 3028 ,
480 2936 597 3008 11.
656 2929 907 3009 Arabs
961 2926 1359 3046 castigavit
1403 2924 1667 3005 filium
1718 2949 1963 3006 suum
2015 2927 2319 3006 dicens.
2393 2930 2744 3030 Sequere
2793 2928 3068 3020 calles}
3108 2954 3386 3033 quam·

279 3044 398 3122 vis
448 3046 605 3121 sint
652 3042 952 3121 semitis
978 3027 1428 3140 longiores,
2319 3083 2323 3089 -

379 3165 387 3174 “
480 3160 597 3233 12.
672 3161 908 3234 Item·
960 3155 1247 3255 Accipe
1294 3154 1644 3256 puellam
1692 3154 1780 3231 in
1826 3180 2197 3246 uxorem,
2246 3154 2609 3257 quamvis
2655 3155 2761 3231 sit
2804 3155 3084 3234 vetula.
3127 3197 3140 3204 -

248 3354 253 3358 ,
477 3274 597 3348 13.
675 3274 777 3351 Et
820 3272 1047 3347 item:
1119 3273 1277 3346 Fer
1319 3291 1643 3346 merces
1670 3282 1849 3347 tuas
1878 3269 2000 3348 ad
2050 3292 2374 3367 magnas
2426 3268 2799 3358 civitates,
2860 3270 3224 3372 quamvis
3272 3271 3386 3348 ihi

280 3382 517 3461 vilius
565 3384 911 3463 vendere
957 3397 1209 3485 putes.

414 3494 603 3575 Ad
650 3497 846 3577 haec
895 3495 1147 3578 filius.
1194 3440 1505 3581 Verum
1554 3510 1671 3576 est
1719 3493 1948 3599 quod
2000 3492 2258 3572 dixisti
2313 3490 2445 3573 de
2461 3445 2778 3591 magnis
2821 3493 2988 3571 viis.
3048 3460 3054 3470 ⁸

1719 3684 1970 3778 XIX.

328 3899 355 3924 .
481 3843 551 3917 1.
610 3843 835 3918 Nam
887 3854 966 3918 et
1014 3861 1165 3939 ego
1215 3853 1295 3917 et
1341 3841 1535 3918 socii
1585 3841 1748 3917 mei
1800 3839 2002 3917 dum
2054 3837 2404 3941 quadam
2456 3836 2589 3913 die
2637 3835 3252 3939 perrexissemus
3285 3836 3387 3915 ad

278 3951 609 4042 urbem,
684 3953 858 4030 sole
928 3952 1028 4029 ad
1091 3949 1465 4029 occasum
1504 3954 2233 4060 appropinquante,
2310 3964 2388 4028 et
2435 3949 2699 4028 adhuc
2747 3951 2988 4052 longe
3037 3975 3391 4030 essemus

281 4069 329 4145 a
380 4068 721 4156 civitate,
769 4066 1123 4145 vidimus
1172 4067 1567 4158 semitam,
1633 4082 1839 4171 quae
1889 4066 2339 4168 secundum
2387 4064 2649 4140 visum
2700 4064 2928 4143 ituris
2978 4064 3080 4143 ad
3131 4065 3392 4142 civita-

277 4193 450 4261 tem
495 4182 1014 4285 promittehat
1061 4181 1659 4285 compendium.
1760 4186 1995 4261 Tunc
2058 4179 2510 4260 invenimus
2539 4197 2884 4276 senem,
2945 4204 2990 4257 a
3052 4202 3219 4280 quo
3267 4199 3392 4256 re-
