3969 4580
278 288 539 368 fluant
606 289 835 367 hinc
872 303 951 367 et
1018 289 1248 381 inde,
1322 298 1447 375 ne
1503 291 1791 370 dicaris
1863 292 2111 395 gluto.
2218 294 2387 373 Nec
2457 296 2741 397 glutias
2810 294 3097 379 bolum
3162 296 3386 405 prius

278 431 522 507 quam
573 404 819 483 fuerit
880 404 1092 481 bene
1164 408 1851 484 commasticatum
1912 410 2001 484 in
2052 432 2195 485 ore
2242 410 2419 499 tuo,
2469 436 2574 489 ne
2623 417 3146 514 stranguleris.
3223 414 3388 494 Nec

277 518 573 621 pocula
620 543 892 595 sumas
944 517 1206 594 donec
1255 519 1356 594 sit
1403 545 1496 597 os
1545 546 1924 610 vacuum,
1987 547 2093 599 ne
2143 521 2428 600 dicaris
2476 526 2821 602 vinosus.
2917 534 2987 605 9.
3047 533 3213 606 Nec
3263 530 3416 607 lo-

276 632 548 733 qu'aris
592 631 803 717 dum
855 630 1159 733 aliquid
1206 631 1292 706 in
1343 657 1486 709 ore
1533 636 1919 725 tenueris,
1984 659 2089 712 ne
2137 636 2443 740 aliquid
2490 638 2729 717 intret
2779 642 2880 716 de
2931 656 3250 738 gutture
3302 637 3389 719 in

272 744 648 821 intimam
698 746 1081 833 arteriam,
1133 758 1209 820 et
1259 744 1359 821 sit
1403 747 1549 824 tibi
1602 774 1833 825 causa
1890 748 2200 825 mortis
2301 751 2382 827 Si
2445 751 2713 829 videas
2772 752 3098 843 bolum,
3163 758 3392 859 quod
3437 790 3452 801 -

275 857 583 961 placeat
627 859 793 948 tibi,
843 859 929 933 in
977 859 1393 959 parapside
1432 884 1715 937 coram
1767 861 2047 950 sodali,
2096 886 2267 938 non
2304 886 2591 952 sumaS,
2641 888 2747 941 ne
2797 864 3105 942 dicatur
3149 892 3390 969 prava

268 971 684 1049 rusticitas.
781 977 973 1048 Post
1020 971 1458 1072 prandium
1509 994 1796 1050 manus
1847 974 2102 1061 ablue,
2153 974 2342 1074 quia
2390 975 2812 1076 physicum
2876 993 2990 1056 est
3041 994 3119 1056 et
3167 1006 3390 1058 cura-

273 1085 457 1163 bile.
557 1086 689 1162 Ob
751 1085 910 1162 hoc
978 1084 1196 1161 enim
1257 1084 1710 1161 multorum
1775 1085 1990 1162 oculi
2060 1084 2674 1179 deteriorantur,
2753 1086 3144 1192 quoniam
3206 1108 3392 1195 post
3477 1115 3486 1121 ·

264 1184 709 1302 ,prandium
756 1198 1133 1273 manibus
1185 1220 1354 1273 non
1407 1197 1695 1273 ablutis
1743 1210 2182 1296 terguntur.
2231 1241 2329 1259 --
2395 1205 2507 1276 1⁰.
2555 1198 2841 1278 Filius:
2903 1207 2987 1281 si
3041 1199 3221 1307 quis
3269 1208 3392 1282 ins-
3523 1276 3532 1285 ,

273 1309 629 1390 vitaverit
660 1333 798 1387 me
846 1310 953 1386 ad
999 1308 1455 1410 prandium,
1502 1311 1932 1411 quomodo
1978 1311 2543 1412 respondebo?
2592 1312 3057 1394 Concedam
3105 1320 3389 1409 statim,
3471 1310 3478 1317 ’

274 1448 378 1503 an
420 1424 644 1501 non?
688 1460 793 1493 -.—-
836 1427 1101 1499 Paterz
1149 1424 1337 1511 Fac,
1386 1424 1595 1499 sicut
1642 1424 2063 1502 auctoritas
2111 1422 2613 1503 Judaeorum
2678 1431 3077 1530 praecipit.
3177 1433 3388 1507 Dicit

276 1538 492 1616 enim
543 1538 686 1613 sic:
740 1535 823 1612 Si
878 1534 1057 1636 quis
1105 1549 1184 1611 te
1233 1532 1672 1613 invitaverit
1722 1536 1819 1613 ad
1872 1535 2342 1640 prandium,
2391 1540 2659 1616 videas
2709 1566 3138 1642 personam
3188 1544 3386 1619 invi-

270 1653 528 1730 tantis.
630 1649 717 1727 Si
783 1650 1001 1726 enim
1060 1672 1348 1748 magna
1409 1650 1752 1750 'persona
1814 1649 2087 1739 fuerit,
2158 1652 2421 1727 statim
2486 1652 2790 1730 accede.
2892 1656 3033 1731 Sin
3098 1658 3385 1744 autem,

268 1761 730 1843 secundum
779 1761 1004 1865 quod
1059 1765 1222 1867 erit,
1271 1764 1622 1843 secunda
1668 1765 1793 1843 vel
1840 1765 2068 1842 tertia
2118 1765 2305 1841 vice.
2406 1768 2608 1843 Hoc
2634 1768 2851 1844 enim
2899 1766 3243 1845 refertur
3282 1768 3386 1847 ad

140 1954 153 1961 .
271 1879 701 1958 Abraham.

471 1997 588 2070 11.
666 1987 1036 2086 Quadam
1082 1991 1305 2068 ‘enim
1356 1990 1486 2067 die
1539 1989 1738 2068 dum
1801 1996 2075 2067 coram
2140 2016 2281 2068 sua
2343 2003 2583 2068 staret
2645 1990 2913 2088 janua,
2973 2008 3387 2071 transenna-
3505 2010 3518 2019 ·

230 2121 391 2199 ¹tes
454 2106 607 2182 sub
658 2104 1024 2181 'humana
1090 2104 1356 2204 specie·
1397 2102 1597 2181 vidit
1656 2119 1815 2180 tres
1880 2102 2233 2201 angeloS,
2302 2126 2510 2204 quos
2572 2102 2743 2203 ipse
2810 2103 3040 2180 suam
3092 2107 3387 2182 intrare

273 2220 623 2299 domum
685 2217 1030 2300 honesto
1081 2216 1311 2310 vultu
1369 2218 1703 2316 rogavit,
1771 2214 2019 2318 pedes
2079 2214 2374 2305 lavare,
2441 2215 2814 2293 ciborum
2865 2214 3389 2296 refectionem

274 2358 627 2423 sumere,
701 2332 950 2408 lassos
1015 2344 1228 2407 artus
1294 2353 1588 2406 somno
1650 2352 2025 2405 recreare.
2120 2329 2281 2431 Ipsi
2347 2353 2575 2418 vero,
2647 2325 3038 2431 quoniam
3100 2347 3387 2429 magna

146 2437 157 2456 “
273 2453 619 2551 persona
666 2442 838 2533 suit,
891 2441 1459 2545 acquieverunt
1509 2440 1676 2541 ejus
1723 2437 2111 2544 petitioni.
2201 2446 2480 2535 Quum
2531 2437 2948 2519 autem1ad
2982 2444 3208 2542 ‘Loth
3261 2470 3388 2520 ve·
3435 2503 3444 2508 .

274 2562 572 2648 nirent,
637 2572 715 2634 et
773 2558 1069 2633 iterum
1129 2568 1636 2652 rogarentur,
1711 2553 1937 2655 quod
1989 2551 2288 2630 tectum
2340 2552 2508 2651 ejus
2557 2554 3123 2645 subintrarent,
3197 2558 3389 2659 quia

277 2697 450 2751 non
505 2683 671 2752 erat
722 2668 1167 2744 authentica
1216 2690 1578 2768 persona,
1627 2665 1865 2742 velut*
1894 2666 2144 2743 coacti
2198 2679 2671 2741 annuerunt.

471 2786 586 2860 12.
646 2781 973 2858 Juvenis
1006 2780 1128 2857 *ad
1177 2803 1483 2857 senem:
1536 2785 1815 2875 Quum
1864 2778 2235 2854 invitatus
2268 2775 2502 2852 fuero
2546 2774 2647 2852 ad
2680 2775 3134 2876 prandium,
3188 2783 3390 2885 quid

270 2898 603 2979 faciam?
649 2903 938 2998 parum
970 2894 1094 2972 ve‘l
1142 2892 1403 2969 nimis
1432 2889 1907 2969 comedam?
1955 2896 2052 2946 -'-·-
2106 2889 2270 2967 Cui‘
2293 2913 2562 2966 senex:
2611 2891 3387 2987 NimiS.‘Quoi1iam,
3477 2893 3482 2904 “

275 3013 346 3090 si
398 3011 699 3088 amicus
748 3023 939 3087 titus
986 3007 1257 3096 fuet-it,
1323 3005 1463 3107 qui
1506 3018 1606 3084 te
1655 3003 2048 3091 invitavit,-
2108 3001 2486 3101 gaudebit
2529 3005 2921 3091 multum3
2987 3006 3052 3081 si
3119 3003 3387 3085 autem

271 3125 670 3216 inimicus,
723 3123 1048 3203 dolebit.
1095 3157 1199 3190 ⁴-
1242 3124 1420 3199 Hoc
1470 3116 1748 3198 audito
1799 3115 1977 3193 risit
2007 3140 2232 3218 puer.
2326 3112 2458 3194 Ad
2505 3137 2752 3219 quem
2801 3141 3068 3196 senex:

1664 3263 2005 3400 XXIX.

471 3474 539 3546 1.
620 3467 1117 3548 Recordatur.
1167 3489 1349 3542 sum
1398 3461 1652 3551 verbi,
1703 3459 1932 3588 quod
1983 3459 2249 3537 audivi
2289 3458 2407 3538 de
2454 3387 3057 3558 Maymundo
3131 3461 3382 3563 pigro.

268 3581 635 3680 Quidam
666 3581 901 3657 enim
934 3604 1169 3658 senex
1207 3576 1591 3680 quaoeivit
1640 3575 1787 3651 ab
1778 3599 1912 3664 en,
1963 3583 2359 3675 quantum
2409 3588 2681 3674 posset
2716 3573 3163 3649 comedere.
3235 3574 3388 3650 Cui

268 3699 483 3799 ipse:
541 3695 666 3782 De
727 3691 1399 3794 cujusprandio?
1462 3691 1609 3770 De
1645 3691 1882 3764 meo?
1944 3687 2072 3764 vel
2137 3686 2239 3764 de
2304 3683 2670 3763 alterius?
2717 3728 2809 3744 -
2876 3690 2979 3765 At
3041 3686 3206 3764 ille:
3267 3687 3389 3765 De

202 3835 213 3841 ’
268 3825 446 3891 tuo.
482 3817 599 3884 ‘-=-
643 3805 1219 3905 Maymundus:
1257 3809 1684 3901 Quantum
1730 3803 2006 3879 minus
2054 3803 2413 3903 possum.
2460 3839 2564 3864 -ι

310 3933 317 3942 ’
472 3925 544 4000 2.
623 3926 907 4000 Senex:
972 3924 1104 3995 Tu
1144 3917 1405 3993 modo
1440 3916 1896 3994 <recordaris
1943 3918 2383 3992 verborum
2433 3910 2851 4011 cujusdam
2908 3911 3203 4013 gulosi,
3265 3905 3387 4015 pi·-

278 4037 429 4136 gri,
479 4035 730 4125 stulti,
781 4032 1075 4133 garruli
1126 4044 1205 4110 et
1248 4030 1732 4129 nugigeruli,
1796 4045 1873 4107 et
1923 4026 2314 4131 quicquid
2366 4017 2468 4104 de
2497 4049 2620 4105 ‘eo
2673 4027 2966 4104 dicitur
3028 4023 3388 4128 amplius,

278 4152 369 4229 in
437 4172 534 4229 eo
586 4149 1017 4230 iuvenitur.
1067 4185 1168 4205 --
1225 4146 1585 4228 Juvenis:
1646 4144 2035 4228 Multum:
2067 4143 2323 4247 placet
2353 4205 2358 4208 ⁴
2387 4136 2494 4220 de
2555 4140 2698 4218 illo
2764 4138 3061 4218 audire.
3161 4139 3388 4236 Quia,

2617 4259 2713 4330 10
2760 4260 2795 4299 ⁴¹
