3969 4580
1706 99 1907 194 *49

287 296 393 375 Et
440 292 505 371 ‘si
552 290 808 396 placet
852 287 1370 394 progredere,
1420 302 1501 368 et
1546 288 1776 391 quod
1822 285 2246 366 transferre
2292 287 2381 364 in
2417 256 2696 365 ⁸actum
2744 248 3112 391 pubiicae
3145 292 3397 373 admi-

293 409 781 487 nistrationis
829 404 1303 484 futurorum
1352 403 1786 495 valeamus,
1812 402 2202 481 edissere.
2252 442 2349 461 ·-
2420 402 2771 495 Faciam,
2821 405 3101 508 inquit.

1770 593 1931 689 XI.

484 756 552 830 1.
647 752 975 828 Dictum
1042 766 1159 828 est
1221 751 1325 831 de
1387 750 1748 854 quodam
1826 749 1968 853 qui
2029 772 2360 851 peregre
2430 747 2943 852 proficiscens
2993 750 3398 828 commisit
3527 850 3532 853 Ἦ
3650 735 3659 746 ’

288 886 627 946 uxorem
702 890 928 942 suam
968 866 1256 947 ‚socrui
1321 888 1531 942 suae.
1644 868 1865 943 Uxor
1927 875 2195 939 autem
2260 888 2401 940 sua
2473 864 2719 940 alium
2785 863 3193 966 quendam
3258 864 3395 942 ad-

292 979 611 1068 amavit,
661 992 738 1055 et
782 978 1015 1055 matri
1064 979 1224 1055 hoc
1271 970 1667 1055 indicavit.
1767 981 1994 1073 Quae
2043 974 2451 1053 commota
2497 1001 2650 1078 pro
2698 975 2862 1054 filia
2893 975 3087 1052 favit
3118 979 3396 1069 amori,
3454 1050 3476 1083 ,

293 1108 375 1173 et
423 1116 865 1187 convocans
913 1116 1257 1193 procum
1309 1091 1571 1193 coepit
1619 1114 1808 1167 cum
1859 1113 1958 1166 eo
1996 1089 2297 1189 epulari
2341 1104 2418 1167 et
2464 1089 2647 1166 filia.
2715 1092 2813 1165 2.
2863 1090 3393 1203 Epulantibus

289 1208 445 1284 illis
493 1206 943 1307 supervenit
987 1206 1348 1294 maritus„
1423 1219 1503 1281 et
1568 1203 1867 1280 ostium
1935 1202 2294 1304 pulsavit.
2391 1207 2494 1281 Et
2555 1227 3041 1301 consurgens
3101 1190 3397 1281 mulier

289 1328 631 1425 procum
682 1319 1119 1409 abscondit,
1171 1334 1250 1396 et
1299 1319 1594 1396 ostium
1645 1331 1919 1419 postea
1960 1317 2299 1394 domino
2339 1318 2666 1419 aperuit.
2767 1318 2929 1414 Qui
2963 1332 3393 1420 postquam
3471 1412 3476 1413 f

291 1435 642 1522 intravit,
692 1448 787 1510 ut
833 1433 1082 1510 lectus
1134 1434 1280 1509 sibi
1332 1446 1843 1535 praeparetur
1889 1431 2314 1532 praecepit,
2364 1456 2554 1508 nam
2607 1432 3010 1534 quiescere
3059 1431 3394 1522 volebat,

291 1549 478 1652 quia
524 1548 778 1625 lassus
830 1560 1012 1625 erat,
1109 1546 1177 1624 3.
1211 1546 1558 1624 Turbata
1605 1544 1899 1621 mulier
1948 1544 2338 1623 dubitavit
2397 1544 2595 1646 quid
2643 1544 2951 1622 faceret.
3004 1545 3253 1640 Quod
3282 1546 3395 1621 vi-

228 1698 237 1705 ·
290 1660 491 1741 dens
560 1675 852 1737 mater:
940 1662 1063 1736 Ne
1134 1659 1484 1749 festines,
1558 1658 1856 1761 inquit,
1930 1655 2126 1747 filia,
2200 1658 2496 1735 lectum
2555 1683 3053 1761 praeparare,
3130 1658 3395 1734 donec

286 1776 834 1853 monstremus
881 1772 1185 1850 marito.
1218 1786 1365 1849 tuo
1415 1772 1754 1849 linteum
1808 1769 2037 1873 quod
2087 1769 2443 1848 fecimus.
2494 1811 2596 1827 --
2664 1776 2766 1850 Et
2804 1772 3212 1849 extrahens
3245 1772 3394 1847 lin·

285 1899 514 1963 teum
558 1884 821 1963 vetula
873 1899 1261 1987 quantum
1310 1887 1575 1986 potuit
1621 1910 1884 1962 unum
1937 1909 2200 1962 cornu
2243 1886 2456 1963 illius
2506 1885 2854 1974 sustulit,
2928 1900 3010 1963 et
3055 1885 3391 1964 alterum

156 2088 165 2097 ι
288 1997 501 2076 filiae
551 2024 740 2076 suae
788 1998 1372 2076 sublevandum
1422 1999 1665 2079 dedit.
1766 2000 1895 2075 Sic
1947 1999 2176 2099 quod
2224 1997 2470 2075 linteo
2532 2012 2849 2076 extenso
2904 2000 3228 2076 delusus
3279 2015 3414 2077 est.

284 2113 654 2202 marituS,
730 2111 1161 2215 quousque
1227 2112 1367 2214 qui
1426 2110 2333 2210 latuerat-'egrederetur
2401 2111 2721 2187 amicus,
2844 2114 2920 2190 4,
2983 2116 3214 2189 Tunc
3288 2112 3394 2189 ait

284 2223 497 2304 filiae
543 2250 766 2304 ειιειει
837 2224 1195 2304 Extende
1242 2225 1582 2302 linteum
1632 2248 1873 2326 super
1919 2224 2226 2301 lectum
2268 2225 2528 2302 mariti
2577 2226 2731 2314 tui,
2782 2225 2968 2326 quia
3017 2226 3392 2303 manibus

284 2340 444 2417 tuis
511 2352 589 2417 et
645 2340 849 2415 meis
914 2352 1372 2418 contextum
1423 2351 1556 2414 est.
1605 2376 1708 2393 —-
1770 2338 1934 2414 Cui
1998 2337 2365 2418 maritus:
2437 2341 2540 2415 Et
2597 2351 2722 2426 tu,
2800 2338 3202 2429 domina,
3242 2341 3392 2416 scis

282 2451 443 2530 tale
487 2451 829 2531 linteum
877 2454 1387 2555 praeparare?
1446 2491 1540 2514 -·
1620 2455 1723 2529 Et
1768 2451 1937 2530 illa·
2012 2453 2110 2530 Ο
2137 2448 2287 2540 fili,
2346 2452 2598 2529 multa
2649 2451 3120 2551 hujusmodi
3170 2478 3391 2572 prae·

345 2565 573 2644 aravi.
620 2603 724 2624 -·—

282 2593 355 2734 P·
480 2682 555 2754 5.
649 2675 777 2754 Ad
839 2677 1038 2753 haec
1101 2672 1589 2776 discipulusz.
1643 2627 2009 2788 Mirabile
2086 2692 2202 2755 est
2259 2666 2488 2755 valde
2550 2677 2776 2808 quod
2842 2627 3126 2757 audivi.
3231 2678 3392 2756 Sed

282 2792 572 2871 vellem
622 2790 962 2891 amplius
1010 2813 1145 2865 me
1190 2790 1643 2880 instrueres,
1695 2792 1901 2892 quia,
1952 2805 2347 2894 quantum
2393 2789 2576 2892 plus
2623 2792 3038 2891 ingenium
3071 2759 3393 2869 iliarum

285 2904 644 2994 attendo,
708 2915 928 2979 tanto
979 2902 1231 2998 magis
1284 2902 1380 2978 ad
1433 2899 1595 2980 mei
1648 2904 2098 2981 custodiam
2150 2921 2507 2981 exacuor.
2559 2943 2657 2962 —-
2715 2906 3178 3009 Respondit
3223 2932 3392 2982 ma·

245 3013 557 3121 ‘gist'erz
628 3015 917 3094 Adhuc
964 3014 1295 3091 tertium
1343 3015 1486 3092 tibi
1539 3017 1835 3107 dicam,
1915 3031 1992 3095 et
2055 3017 2167 3094 sic
2235 3016 2379 3093 tibi
2444 3015 2547 3093 ad
2606 3007 3218 3098 instructionem
3268 3043 3390 3102 ex-

287 3132 552 3235 empla
596 3144 869 3209 nostra
912 3127 1336 3209 sufficient.
1387 3173 1487 3194 --
1558 3131 2050 3234 Discipulus:
2115 3134 2224 3213 Ut
2267 3131 2544 3233 placet.
2592 3171 2688 3190 --
2821 3181 2838 3187 -
3327 3179 3366 3186 -·

1736 3323 1919 3418 ΧΠ
2027 3301 2068 3343 ’

424 3469 435 3476 ’
481 3478 579 3552 1.·
644 3471 1031 3554 Βεῖειιιιιιι.
1069 3473 1216 3565 est,
1282 3476 1579 3579 inquit,
1641 3476 1881 3567 mihi,
1950 3476 2177 3580 quod
2223 3475 3392 3580 quidam.proficiseens.com-

281 3585 503 3665 misit
551 3587 977 3687 conjugem
1025 3611 1255 3666 suam
1304 3590 1571 3667 socrui
1624 3611 1837 3667 suae*
1863 3590 2353 3670 servandam.
2450 3595 2672 3668 Uxor
2720 3603 2985 3665 autem
3037 3586 3392 3683 clam'iu·

280 3722 571 3810 venem
622 3700 1032 3800 quendam
1082 3704 1400 3792 amavit,
1478 3694 1707 3807 quod
1771 3729 1998 3781 suae
2026 3704 2260 3782 matri
2325 3702 2695 3805 protinus
2754 3700 3151 3783 indicavit.
3250 3701 3392 3780 Illa

281 3835 475 3892 vero
514 3814 773 3890 amori
828 3815 1263 3903 consensit,
1291 3830 1730 3948 paratoque
1780 3817 2148 3894 convivio
2203 3818 2470 3894 ascivit
2513 3814 2903 3913 juvenem.
2970 3818 3040 3891 2.
3076 3817 3391 3913 Quibus
3489 3819 3500 3828 ’

284 3923 792 4029 epulantibus
838 3926 1231 4003 dominus
1244 3929 1568 4007 veniens
1582 3930 1915 4029 januam
1941 3931 2300 4033 pulsavit.
2377 3930 2734 4006 Surrexit
2751 3929 3018 4031 itaque
3043 3951 3278 4019 uxor,-
3299 3944 3394 4008 et

285 4038 592 4117 dimisit
649 4040 1035 4117 mantum
1095 4041 1409 4120 intrare.
1490 4045 1670 4132 Sed
1732 4060 1987 4123 mater
2047 4069 2237 4122 cum
2302 4046 2601 4128 amasio
2667 4036 2882 4121 filiae
2937 4043 3389 4132 remanens,

284 4151 525 4257 quod
565 4152 797 4246 locus
841 4155 987 4233 ubi
1040 4178 1231 4234 eum
1281 4156 1809 4244 absconderet
1851 4182 2026 4237 non
2077 4172 2274 4249 erat,
2348 4157 2554 4261 q'uid
2598 4155 2900 4353 ¹{eiceret
2954 4158 3184 4259 prius
3244 4155 3390 4234 dw-
