3969 4580
1982 62 2199 185 '76

593 288 989 396 quicquid
1049 286 1153 369 de
1216 312 1315 368 eo
1369 298 1518 379 est,
1583 283 2066 364 derisorium
2133 290 2281 370 est,
2346 282 2427 357 et
2487 271 2876 378 quicquid
2929 268 3036 350 de
3083 268 3251 371 ejus
3300 266 3525 347 factis
3575 262 3710 345 vel

596 407 826 489 dictis
871 388 1498 490 mente‘retineS‚
1547 399 1948 502 eloquere,
2000 411 2078 472 et
2124 393 2440 472 habebo
2491 417 2643 495 pro
2691 411 3052 466 munere.
3101 427 3204 445 -
3250 388 3538 461 Senex:

785 525 856 599 3.
937 516 1341 596 Dominus
1413 538 1644 591 servo
1715 537 1866 589 suo
1940 508 2346 613 praecepit-
2413 503 2764 608 quadam
2812 513 3068 599 ⁴nocte
3129 511 3226 576 ut
3299 494 3712 606 clauderet

596 633 899 713 domus
944 630 1288 732 januam.
1384 631 1563 729 Ipse
1626 624 1951 703 desidia
1996 646 2313 726 pressus
2375 641 2697 717 surgere
2751 620 2930 691 'non
2996 613 3295 714 potuit,
3372 623 3452 687 et
3512 609 3710 687 ideo
3799 641 3824 655 ⁴

598 748 795 826 dixit
856 743 1087 847 quod
1152 742 1412 820 clausa
1474 753 1657 816 erat.
1754 744 1991 817 Mane
2065 748 2333 812 autem
2407 731 2640 820 facto,
2715 728 3102 805 dominus
3145 724 3375 801 dixit
3446 745 3718 799 servo:

595 838 1122 957 Maymunde,
1190 854 1405 955 aperi
1464 848 1807 949 januam.
1855 889 1954 906 -
2019 844 2172 925 Cui
2241 869 2548 922 servus:
2608 842 2995 930 Domine,
3065 838 3415 919 sciebam
3481 834 3714 937 quod

598 971 925 1048 volebas
973 990 1149 1044 eam
1197 964 1449 1042 hodie
1478 970 1667 1039 sesse
1719 975 2090 1067 apertam,
2143 973 2222 1035 et
2267 957 2456 1034 ideo
2493 955 2724 1033 nolui
2763 979 2940 1030 eam
2974 976 3151 1027 sero
3190 949 3582 1028 claudere.
3613 988 3719 1007 —-

601 1087 673 1161 4.
723 1089 956 1171 Tunc
1004 1082 1367 1180 primum
1417 1073 1810 1175 comperit
1857 1071 2244 1147 dominus
2295 1065 2524 1169 quod
2570 1081 2903 1168 propter
2946 1064 3344 1166 pigritiam
3388 1061 3717 1139 dimise·

601 1211 743 1285 rat,
793 1209 872 1274 et
920 1193 1115 1270 dixit
1158 1190 1316 1266 illi:
1379 1190 1658 1283 Surge!
1714 1189 1877 1289 „Fae
1926 1207 2136 1283 opus
2183 1194 2453 1267 tuum,
2517 1178 2703 1280 quia
2771 1179 2943 1253 dies
3008 1191 3159 1266 est,
3228 1191 3307 1253 et
3367 1175 3491 1254 sol
3549 1174 3718 1272 jam

606 1310 811 1388 altus
861 1320 997 1384 est.
1043 1342 1143 1361 --
1192 1300 1345 1380 Cui
1399 1322 1703 1376 servus:
1757 1298 1841 1374 Si
1874 1294 2017 1373 .sol
2063 1293 2227 1392 jam
2276 1292 2479 1369 altus
2530 1305 2662 1380 est,
2715 1289 2816 1367 da
2865 1289 3068 1366 mihi
3119 1289 3572 1367 comedere.
3617 1330 3718 1349 —-

608 1420 763 1498 Cui
815 1417 1233 1497 dominus:
1286 1417 1524 1492 Serve
1572 1409 1817 1498 male,
1876 1409 1997 1484 vis
2061 1420 2299 1485 nocte
2361 1401 2832 1484 comedere?
2874 1442 2977 1459 -
3029 1403 3192 1482 Cui
3255 1404 3563 1483 servus:
3634 1403 3720 1483 Si

608 1554 773 1608 nox
821 1545 955 1620 est,
1003 1526 1373 1632 permitte
1421 1548 1555 1601 me
1608 1521 1984 1600 dormire.
2037 1561 2136 1578 -
3161 1570 3176 1585 .
3299 1610 3304 1615 ³

804 1647 874 1719 5.
953 1646 1159 1719 Item
1220 1639 1605 1717 dominus
1668 1636 1752 1713 in
1803 1647 2074 1711 nocte:
2133 1630 2658 1731 Maymunde,
2723 1654 2991 1730 surge,
3056 1631 3379 1719 et'v'i'de
3440 1645 3724 1710 utrum

609 1755 985 1860 pluatan
1035 1778 1159 1829 ne.
1209 1791 1313 1809 --·
1356 1756 1535 1852 Ipse
1566 1774 1756 1826 vero
1792 1747 2204 1826 advocavit
2251 1770 2549 1835 canem,
2601 1743 3092 1848 quijacebat
3123 1760 3332 1823 extra
3378 1744 3725 1844 januam,

615 1884 695 1947 et
743 1891 1003 1970 quum
1051 1867 1389 1943 venisset
1439 1863 1688 1951 caniS,
1747 1860 2119 1963 palpabat
2177 1858 2425 1960 pedes
2475 1856 2677 1960 ejus,
2751 1860 3047 1962 quibus
3077 1858 3445 1949 „inventis
3475 1858 3724 1961 ‘siccis

613 1979 958 2059 domino
1012 1979 1152 2056 ait:
1200 1977 1575 2065 Domine,
1624 1999 1796 2052 non
1844 1974 2071 2075 pluit.
2116 2014 2220 2030 -
2457 2048 2478 2059 ,
3263 1982 3280 2053 ,’
3337 1984 3346 1993 “
3431 1966 3452 1985 ‘'

808 2098 879 2169 6.
957 2096 1160 2169 Item
1214 2088 1315 2165 ad
1368 2113 1559 2167 eum
1611 2088 1998 2165 dominus
2048 2101 2285 2165 nocte
2336 2085 2560 2175 dixit,
2620 2108 2722 2162 an
2784 2085 2993 2187 ignis
3058 2099 3260 2165 esset
3305 2086 3394 2164 in
3444 2084 3724 2183 domm

526 2290 533 2296 ,
610 2208 794 2309 Ipse
861 2228 1054 2281 vero
1122 2215 1405 2280 vocato
1477 2201 1910 2298 murilego,
1972 2201 2304 2277 tentavit
2364 2201 2431 2274 si
2498 2197 2800 2276 calidus
2870 2210 3103 2290 ess‘et,
3178 2225 3281 2278 an
3357 2226 3564 2290 non;
3635 2212 3727 2279 et

612 2342 877 2422 quum
928 2318 1355 2395 invenisset
1404 2338 1594 2392 eum
1643 2310 2053 2411 frigidum,
2106 2312 2241 2388 ait:
2289 2314 2499 2387 Non.
2545 2348 2648 2365 -
3115 2321 3122 2326 “
3187 2345 3194 2352 ·
3247 2331 3260 2340 ·
3319 2351 3326 2356 -
3417 2351 3434 2372 ι
3505 2363 3516 2388 -.
3566 2385 3582 2402 .

624 2533 637 2538 Ω
807 2431 1169 2509 Juvenis:
1225 2426 1638 2526 Pigritiam
1702 2426 1871 2526 ejus
1935 2422 2236 2514 audivi,
2299 2422 2836 2524 garrulitatem
2901 2422 3071 2525 ejus
3121 2426 3401 2508 audire
3455 2427 3723 2532 cupio.

614 2577 719 2606 -·-
766 2547 1055 2625 Senexz
1119 2566 1131 2578 ·

816 2889 885 2963 1.
975 2884 1303 2963 Dictum
1356 2900 1473 2963 est
1520 2884 1749 2989 quod
1800 2882 2187 2964 dominus
2235 2910 2431 2964 suus
2475 2886 2860 2966 veniebat
2890 2884 2993 2966 de
3039 2884 3226 2964 foro
3274 2884 3528 2986 laetus
3575 2905 3724 2988 pro

614 2997 883 3094 lucro,
947 3000 1135 3103 quia
1195 3000 1551 3076 multum
1612 3001 1961 3078 lucratus
2021 2999 2299 3077 fuerat.
2367 3002 2506 3077 ·Et
2559 3001 2792 3079 exivit
2845 3024 3122 3079 servus
3183 2998 3729 3098 Maymundus

621 3126 900 3190 contra
974 3112 1326 3196 eundem
1405 3112 1835 3190 dominum
1909 3137 2173 3189 suum.
2291 3117 2557 3209 Quem
2634 3136 2895 3215 quum
2965 3113 3271 3192 videret
3342 3109 3728 3188 dominus

558 3225 937 3334 timuit,
1038 3227 1145 3302 ne
1230 3226 1541 3328 aliquos
1625 3225 1884 3302 malos
1967 3211 2384 3316 ru‘mores,
2482 3240 2577 3304 ut
2658 3245 2882 3305 mos·
2933 3251 3128 3304 suus
3217 3238 3426 3317 erat,
3518 3225 3728 3303 dice-

619 3355 771 3430 ret,
855 3353 934 3419 et
1008 3338 1229 3416 dixit:
1315 3341 1524 3416 Cave
1594 3362 1699 3416 ne
1738 3338 1982 3416 'dicas
2056 3362 2427 3416 rumores
2499 3338 2777 3416 malos,
2843 3382 2952 3406 —-
3031 3345 3103 3419 2
3170 3345 3494 3418 servus:
3558 3342 3725 3416 Do·

618 3455 877 3544 mine,
951 3477 1123 3530 non
1203 3450 1467 3529 dicam
1539 3476 1910 3530 rumores
1982 3452 2262 3546 maios·
2347 3453 2522 3531 Sed
2601 3454 2814 3530 canis
2876 3469 3148 3533 nostra
3204 3453 3530 3557 parvula
3578 3451 3730 3529 Pi·

516 3667 519 3674 ⁴
620 3567 880 3670 pella
951 3555 1275 3646 moi-tua
1355 3580 1492 3642 est.
1565 3605 1670 3622 -—
1752 3567 1906 3643 Cui
1997 3565 2414 3644 dominus:
2491 3564 2940 3663 Quomodo
3012 3582 3335 3647 mortua
3411 3568 3574 3645 est?
3629 3609 3727 3625 —

625 3680 780 3756 Cui
849 3704 1151 3757 servus:
1211 3679 1486 3758 Mutus
1546 3693 1826 3757 noster
1885 3678 2295 3758 exterritus
2350 3677 2537 3770 fuit,
2613 3693 2692 3758 et
2737 3681 2957 3783 rupit
3033 3683 3415 3764 chamum
3467 3706 3727 3772 suum,

625 3803 708 3870 et
778 3789 978 3866 dum
1053 3791 1365 3891 fugeret
1434 3791 1585 3869 sub
1662 3792 2012 3894 pedibus
2082 3793 2248 3869 suis
2326 3817 2612 3870 canem
2682 3791 3118 3873 mffocavit.
3193 3836 3290 3856 --
3369 3795 3520 3873 Cui
3583 3792 3730 3872 do·-

621 3903 931 3982 minus:
1014 3906 1234 4000 Quid
1310 3917 1576 3983 actum
1652 3921 1769 3983 est
1839 3905 1941 3981 de
2007 3907 2288 3983 mulo?
2362 3947 2460 3964 -
2536 3909 2859 3984 Servus:
2939 3912 3036 3986 In
3108 3922 3451 4011 puteum
3535 3908 3729 3985 ceci-

626 4016 747 4095 dit
772 4075 792 4107 ,
882 4031 961 4120 et
1029 4033 1404 4095 mortuus
1480 4032 1615 4098 est.
1687 4057 1789 4076 --
1872 4024 1941 4097 3.
2015 4021 2455 4099 Dominus:
2538 4020 2986 4118 Quomodo
3078 4024 3489 4101 exterritus
3581 4020 3733 4100 fuit

622 4131 938 4210 mulus?
1005 4171 1104 4191 -
1196 4134 1515 4212 servus:
1617 4133 1866 4214 Filius
1906 4149 2228 4240 ‚noster
2301 4135 2584 4217 cecidit
2685 4134 2794 4220 de
2877 4135 3172 4216 solario
3198 4194 3222 4230 ,
3305 4136 3418 4246 ita
3493 4134 3733 4241 quod
