3969 4580
2081 138 2207 235 84

807 343 880 423 4.
944 344 1168 427 Alius
1228 333 1796 446 philosophus·
1861 330 2054 410 Heri
2112 328 2425 497 populo
2486 324 2925 431 imperavit.
3021 321 3292 402 Hodie
3350 317 3718 485 populus

617 457 1181 651 ἱωρῗᾶιᾼὶἰξὶιιε
1241 564 1803 672 philosophus:
1865 554 2068 637 Heri
2140 490 2446 634 multos
2515 555 2787 658 ΡθιῑΙῆ
2854 553 3195 629 hberare
3273 573 3367 627 ΒΧ
3428 559 3717 624 ‘morte'

613 684 877 763 Hodie
928 710 1071 762 nec
1124 681 1290 782 ejus
1333 679 1583 777 jacula
1630 676 1876 754 valuit
1924 673 2294 750 devitare.

803 802 894 875 6.
961 800 1222 878 Alius,
1291 793 1478 871 Heri
1553 789 1892 867 ducebat
1964 785 2367 864 exercitus·
2471 720 2761 858 Hodie
2807 778 2907 855 ab
2964 778 3122 855 illis
3200 774 3529 911 ducitur
3602 794 3721 849 se-

608 912 1206 1103 pnltssaffilius:
1255 972 1445 1093 lieri
1496 1030 1785 1092 temam
1834 1011 2268 1111 premebat.
2367 1005 2636 1084 Hodie
2686 1003 2971 1082 eadem
3019 1000 3419 1100 premitur
3462 997 3653 1098 ipse.

798 1137 868 1208 8.
954 1129 1175 1207 Alius
1222 1123 1787 1231 philosophum
1844 1116 2039 1263 Heri
2090 1129 2361 1213 gentes
2412 1144 2602 1197 eum
2650 1118 3062 1196 timebant.
3160 1109 3429 1189 Hodie
3478 1110 3719 1201 utilem

612 1241 1445 1438 cumgeffiliffghfleri
1499 1342 1802 1422 amieos
1846 1340 2133 1483 habuit
2180 1353 2259 1416 et
2306 1334 2703 1417 inimicos.
2796 1337 3067 1421 Hodie
3127 1336 3373 1412 habet
3434 1358 3721 1414 omnes

614 1473 1042 1575 aequaleS.
1131 1524 1144 1535 .

735 1591 920 1665 10.
997 1579 1158 1659 Sed
1225 1575 1327 1654 de
1392 1570 1708 1669 triginta
1769 1566 2097 1643 duobus
2156 1565 2664 1668 philosophis
2731 1528 3427 1642 circumstantibus
3494 1561 3722 1667 quod

621 1713 1077 1878 quacunque
1152 1691 1258 1769 de
1338 1681 1895 1792 potentissimo
1981 1701 2175 1779 rege
2257 1680 2575 1772 dixerit,
2652 1680 3096 1825 memoriae
3185 1678 3529 1779 longum
3607 1693 3722 1757 est

620 1826 706 1878 re
769 1825 1002 1878 ucere

1948 1994 2377 2091 XXXIX.

819 2138 888 2209 1.
967 2137 1170 2211 Item
1221 2135 1548 2212 eremita
1594 2131 2130 2244 philosophus
2187 2132 2345 2209 hoc
2390 2128 2651 2267 modo
2699 2131 3061 2215 versibus
3106 2110 3340 2209 suam
3391 2126 3728 2208 correxit

629 2246 1012 2322 animam:

814 2362 927 2436 2.
965 2359 1250 2438 Anima
1311 2385 1525 2450 mea,
1591 2360 1787 2437 scias
1836 2371 1915 2435 et
1965 2380 2428 2454 cognoscas»,
2493 2356 2693 2436 dum
2756 2319 3112 2461 potentia
3176 2375 3303 2438 est*
3338 2359 3425 2436 in
3474 2381 3729 2434 manu

620 2485 786 2562 tua,
853 2473 1050 2575 quid
1103 2474 1487 2575 opereris,
1547 2487 1974 2573 antequam
2029 2470 2129 2547 de
2179 2486 2321 2548 tuo
2374 2474 2793 2551 movearis
2816 2474 2999 2553 loco
3054 2475 3153 2552 ad
3208 2475 3592 2562 domum,
3640 2474 3728 2548 in

623 2612 867 2689 quam
920 2597 1200 2664 manet
1234 2586 1557 2686 justitia,
1628 2600 1705 2662 et
1753 2585 1856 2661 ad
1903 2598 2221 2686 portam
2270 2585 2426 2664 loci
2477 2584 2784 2685 judicii,
2849 2589 2989 2668 ubi
3054 2588 3265 2687 leges
3316 2587 3404 2662 in
3454 2586 3726 2665 rotulo

625 2703 1012 2803 quicquid
1062 2716 1196 2778 tua
1247 2724 1537 2777 manus
1590 2700 1748 2796 egit
1790 2699 1874 2774 in
1926 2700 2085 2775 hoc
2136 2699 2489 2789 saeculo,
2554 2715 2632 2777 et
2692 2702 2959 2798 angeli
2999 2701 3107 2788 de,
3166 2702 3396 2779 coelo
3450 2727 3494 2779 a
3547 2700 3728 2778 dex·

491 2810 506 2830 ⁸
620 2816 764 2890 tris
815 2829 893 2890 et
940 2841 982 2889 a
1025 2815 1366 2890 ‚sinistris
1407 2813 2012 2915 discooperient
2080 2826 2159 2890 et
2206 2813 2797 2890 renunciabant
2859 2815 3290 2890 consilium
3351 2828 3591 2893 tuum
3654 2830 3731 2894 et

622 2928 1012 3030 quicquid
1066 2954 1108 3004 a
1156 2942 1234 3004 te
1294 2926 1536 3004 suerit
1585 2927 2147 3024 excogitatum,
2213 2940 2291 3004 et
2352 2941 2533 3006 ante
2581 2929 2849 3004 Deum
2903 2925 3162 3034 veniet
3224 2939 3462 3003 tuum
3520 2928 3729 3029 judi-

619 3041 868 3130 cium,
925 3056 1011 3117 et
1075 3039 1238 3118 u'na
1288 3040 1522 3117 lance
1563 3039 1950 3142 quicquid
1999 3040 2196 3116 honi
2250 3054 2330 3116 et
2378 3040 2525 3119 alia
2576 3034 2995 3142 quicquid
3026 3039 3215 3115 mali
3283 3044 3535 3141 egeria
3585 3044 3729 3122 sed

493 3191 511 3208 ·
616 3179 788 3233 uno
863 3168 941 3231 et
1012 3154 1306 3231 eodem
1382 3153 1909 3230 declarabitur
1986 3152 2367 3229 examine.
2461 3155 2530 3228 3.
2604 3156 2707 3230 Et
2772 3171 3056 3231 omnes
3121 3155 3241 3231 tui
3306 3154 3585 3234 fratres
3650 3173 3729 3238 et

618 3267 848 3347 amici
900 3292 1070 3343 non
1119 3268 1522 3344 invenient
1568 3282 1792 3345 tuam
1841 3265 2522 3367 redemptionem3
2588 3280 2666 3376 et
2715 3266 2823 3344 ob
2874 3263 3034 3346 hoc
3083 3281 3161 3345 te
3214 3269 3598 3359 deserent,
3651 3285 3731 3348 et

616 3382 957 3459 omnino
1012 3377 1431 3459 dimittent.
1512 3383 1581 3456 4.
1632 3381 2215 3484 Hodie-itaque
2250 3378 2892 3481 redemptionem
2946 3383 3228 3485 accipe,
3281 3398 3360 3460 et
3405 3385 3726 3461 bonum

611 3493 740 3574 fac
773 3493 1138 3585 sassidne,
1208 3508 1285 3571 et
1335 3507 1764 3597 antequam
1813 3496 2079 3574 veniat
2140 3494 2311 3576 dies
2363 3496 3081 3586 consummationis
3133 3497 3230 3573 ad
3281 3499 3552 3594 Deum
3602 3523 3727 3577 re·
3800 3503 3813 3516 “

611 3609 848 3700 verte,
896 3623 975 3687 et
1015 3617 1192 3687 non
1241 3608 1487 3686 dicas:
1535 3611 1730 3686 Cras
1777 3623 2141 3696 revertar,
2195 3622 2273 3690 et
2305 3631 2476 3685 non
2506 3608 2914 3686 morabor.
2944 3652 3053 3692 -.-,
3091 3610 3338 3707 Quod
3374 3612 3484 3688 sic
3520 3637 3727 3691 cras-

610 3725 998 3803 tinantem
1061 3738 1142 3800 te
1191 3721 1589 3824 'impediet
1653 3721 2332 3822 concupiscentia,
2395 3719 2522 3800 vel
2582 3720 2856 3801 forsan
2919 3725 3292 3802 retinebit
3353 3725 3531 3808 dies
3598 3751 3729 3803 ex-
3828 3714 3837 3717 ’

606 3853 879 3917 trema.
913 3838 952 3904 ἶ·
976 3842 1046 3915 5.
1107 3839 1385 3937 Itaque
1438 3834 1755 3912 dierum
1806 3835 2099 3916 saeculi
2149 3835 2690 3924 reminiscere,
2751 3850 2830 3913 et
2875 3835 3346 3916 futurorum
3397 3842 3726 3917 etz-anti-

610 3977 967 4056 quorum
1021 3974 1455 4038 annorum,
1518 3950 1658 4052 qui
1727 3973 2013 4027 omnes
2075 3949 2585 4036 transierunt;
2652 3964 2728 4028 et
2788 3949 2980 4029 inde
3042 3954 3308 4054 accipe
3369 3978 3721 4032 sensum.

608 4067 766 4146 Ubi
819 4078 1007 4140 sunt
1049 4065 1318 4160 reges?
1373 4063 1529 4141 Ubi
1582 4078 1767 4141 sunt
1815 4063 2258 4170 principes?
2308 4065 2466 4145 Ubi
2518 4064 2818 4153 divites,
2868 4066 3007 4166 qui
3059 4064 3477 4156 thesauros
3524 4091 3722 4144 con-

609 4175 1160 4278 gregaverunt,
1227 4191 1306 4254 et
1361 4177 1553 4256 inde
1602 4179 1925 4282 superbi
1975 4176 2346 4258 fuerunt?
2404 4178 2660 4260 Modo
2711 4192 2902 4257 sunt
2950 4179 3091 4282 qui
3138 4202 3314 4255 non
3364 4178 3720 4260 fuerunt.
