3969 4580
2060 91 2222 218 τε,

565 286 1164 403 indispositioni
1214 286 1615 392 permitte,
1651 297 1761 375 et
1805 279 2191 361 renuncia
2241 278 2561 357 bonum
2612 292 2975 379 semper
2968 276 3083 357 in
3131 273 3561 371 futurum,
3606 288 3713 355 et

570 415 723 497 eris
789 410 1090 493 oblitus
1145 403 1586 495 malorum,
1635 395 1891 501 quod
1953 378 2210 473 multa
2270 392 2479 471 mala
2541 392 2958 481 eveniunt,
3000 412 3277 581 -quae
3306 390 3441 469 in*-
3457 354 3697 471 hono

495 528 1485 763 {finiugtulghilosophusss
1546 564 1810 725 Hujus
1871 622 2165 713 saeculi
2212 566 2431 707 bona
2468 564 2915 703 commixta
2965 631 3183 709 sunt)
3244 642 3419 697 non
3454 618 3701 698 enim
3784 586 3811 683 ‚¹

570 753 947 836 comedes
997 748 1159 826 mel
1210 746 1383 823 sine
1430 765 2395 819 veneno..
2932 786 2939 793 .

723 871 833 945 4.
908 863 1164 943 Alius.
1231 866 1816 957 Quaecumque
1865 853 1954 935 in
2004 849 2323 928 saeculo
2376 861 2599 937 sunt,
2668 846 3297 925 commutabilia
3318 859 3546 946 οπως
3614 859 3701 926 et·

570 1005 777 1109 quae
832 1004 924 1056 ex
976 977 1086 1055 eis
1135 977 1354 1053 bona
1403 983 1593 1047 sunt
1643 982 2018 1053 eventura
2067 964 2233 1053 tibi,
2283 961 2466 1040 lieet
2513 963 2621 1041 sis
2670 961 2975 1052 debilis,
3022 975 3292 1041 tamen
3338 958 3701 1133 habebis,

570 1092 650 1177 et.
701 1093 910 1171 mala
962 1088 1264 1165 viribus
1317 1086 1666 1161 devitare
1713 1106 1884 1159 non
1934 1076 2255 1181 poteris.

760 1211 830 1284 5.
909 1204 1165 1289 Alius.
1221 1195 1467 1296 Quod
1528 1198 1802 1300 pigro
1828 1191 2143 1295 assequi
2207 1188 2650 1275 desiderata
2701 1138 2982 1280 donat,
3028 1114 3252 1269 idem
3298 1188 3693 1379 consequi

572 1320 836 1422 cupita
886 1316 1139 1395 veloci
1192 1325 1443 1410 negat.
3340 1348 3349 1367 .

761 1437 830 1508 6.
904 1429 1165 1511 Alius:
1243 1431 1362 1504 Se
1425 1434 1831 1501 venustate
1909 1416 2318 1507 saeculum
2382 1358 2758 1506 decoram
2842 1431 2943 1495 et
2988 1428 3593 1561 pet-optantem
3609 1424 3699 1496 se

570 1560 779 1624 terra
830 1543 1169 1641 deglutit
1218 1554 1295 1619 et
1341 1550 1658 1625 vorat.
3524 1584 3531 1593 .

766 1662 836 1743 7.
914 1656 1176 1735 Alius:
1361 1702 1370 1709 ·

768 1770 1016 1867 Quasi
1067 1769 1155 1844 in
1203 1767 1370 1844 ictu
1420 1763 1652 1849 oculi
1683 1760 1967 1841 finitur
2015 1718 2267 1860 gloria
2316 1755 2629 1837 mundi.

739 1884 1053 2090 (ξιιξῐὶι
1101 1989 1398 2091 fragilis
1448 1978 1785 2079 maneat,
1835 1946 2008 2129 non
2061 1922 2531 2090 exoptanda¹
2553 1944 2901 2066 videtur.

1897 2118 2321 2268 XXXII.

768 2337 835 2411 1.
889 2272 1138 2429 Quod
1185 2295 1783 2436 proverbialiter
1831 2331 2213 2420 ostendit,
2268 2335 2767 2408 Socratem
2816 2329 3250 2408 saeculares
3294 2262 3697 2408 tumultus

579 2447 1056 2524 devitantem
1113 2461 1190 2523 et
1240 2459 1624 2544 agrestem
1673 2446 1915 2521 vitam
1966 2445 2422 2545 cupientem
2473 2469 2763 2523 nemus
2810 2445 3281 2534 incoluisse,
3332 2458 3414 2522 et
3458 2448 3695 2543 tugu-

575 2560 674 2652 rii
724 2560 910 2637 loco
966 2559 1400 2636 dimidium
1451 2559 1928 2640 inhabitasse
1969 2557 2326 2648 dolium,
2380 2558 2606 2657 cuju-s
2655 2558 3011 2638 fundum
3057 2573 3299 2637 vento
3343 2581 3699 2659 expone-

575 2674 712 2749 bat
762 2687 840 2752 et
885 2671 1167 2762 imbri,
1236 2686 1314 2750 et
1376 2672 1599 2773 quod
1668 2684 1833 2748 erat
1894 2686 2259 2772 apertum
2308 2670 2670 2772 jucundo
2725 2673 2897 2749 soli.
2994 2675 3065 2750 2.
3114 2675 3263 2750 Et
3278 2684 3711 2749 venatores

575 2786 782 2884 regis
861 2787 1280 2863 inventum
1348 2783 1549 2861 dum
1622 2771 2052 2866 illuderent
2122 2781 2543 2888 pediculos
2615 2784 3181 2872 suffocantem,
3257 2798 3705 2885 coeperunt.

580 2913 927 2978 avertere
1003 2898 1196 2978 solis
1270 2896 1688 2976 radiorum
1764 2900 2352 2980 amoenitatem.
2452 2899 2772 2995 Quibus
2848 2897 2984 2974 ille
3042 2896 3360 2998 placido
3427 2897 3699 2996 vultu.

579 3011 829 3108 Quod
879 3013 1078 3089 mihi
1147 3021 1322 3089 non'
1381 3010 1622 3099 datis,
1698 3012 2008 3089 auferre
2083 3037 2255 3089 non
2315 3012 2854 3112 praesumatis.
2905 3052 3001 3067 —
3056 3010 3385 3090 Talibus
3431 3012 3697 3089 verbis

573 3124 752 3201 irati
805 3121 908 3201 de
957 3123 1119 3202 lare
1171 3150 1336 3228 quo
1391 3123 1728 3223 degebat
1776 3124 2162 3226 expellere
2211 3124 2672 3220 voluerunt,
2747 3140 2825 3202 et
2870 3123 3064 3200 inde
3114 3121 3389 3203 devia
3441 3125 3716 3205 abdu··

579 3260 786 3326 cere,
852 3262 956 3313 ne
1021 3238 1591 3341 praetereuntis
1644 3237 1924 3314 oculos
1988 3236 2304 3312 domini
2370 3251 2533 3314 tam
2582 3238 2757 3315 vilis
2819 3262 3164 3340 persona
3223 3235 3721 3315 offenderet..

519 3354 644 3430 ·3.
699 3348 947 3449 Quod
998 3375 1169 3428 non
1219 3351 1565 3432 valentes
1627 3349 1905 3427 minati
1974 3364 2163 3428 suut
2228 3351 2299 3430 ei
2368 3350 2752 3430 dicentes:
2816 3350 3184 3430 Vide.ne
3251 3350 3467 3454 quid
3488 3350 3691 3432 :mali

579 3489 670 3543 ex
716 3492 816 3566 pl
819 3464 1248 3542 otervitatis
1312 3462 1583 3558 studio
1648 3463 1809 3540 tibi
1845 3464 2276 3562 contingat,
2345 3464 2572 3566 quod
2639 3487 2774 3544 rex
2835 3479 2913 3542 et
2952 3464 3359 3544 dominus
3418 3473 3709 3544 noster

580 3603 761 3658 cum
807 3576 1344 3676 familiaribus
1394 3576 1557 3652 suis
1603 3575 2087 3676 primatibus
2133 3590 2250 3654 est
2320 3578 2469 3658 hac
2533 3591 2755 3680 parte
2814 3581 3333 3662 transiturus.
3350 3597 3457 3644 ‘⁴—
3496 3571 3709 3658 Illos>

580 3706 849 3770 autem
899 3692 988 3767 in
1037 3713 1122 3766 se
1154 3689 1522 3768 latrantes
1555 3671 2095 3793 philbsophus
2142 3693 2498 3776 intuens.
2547 3696 2738 3769 Non
2787 3707 2921 3782 est,
2969 3694 3265 3796 inquit,
3304 3693 3695 3772 dominus

578 3820 833 3892 vester
900 3801 1285 3894 dominus
1345 3826 1615 3891 meus,
1667 3803 1808 3892 sed
1857 3807 2128 3905 potius
2178 3806 2377 3885 servi
2431 3806 2597 3884 mei
2645 3819 2766 3884 est
2814 3831 3121 3884 servus.
3153 3845 3257 3870 -ο
3319 3812 3393 3890 4.
3442 3806 3710 3905 Quod

583 3916 1000 3998 audientes
1050 3914 1446 4010 novercali
1496 3916 1725 3994 vultu
1774 3920 2278 4019 respicientes
2328 3920 2663 4022 quidam
2698 3918 3227 4000 detruncare
3204 3943 3475 4022 ipsum
3506 3927 3696 4022 p'ro-

582 4040 1058 4130 posuerunt;
1130 4030 1406 4107 minus
1477 4055 1669 4107 vero
1747 4032 2102 4133 improbi
2181 4033 2443 4109 donec
2516 4034 2721 4132 regis
2786 4035 3261 4113 sententiam
3325 4033 3717 4112 audit-cents

579 4163 903 4244 parcere
954 4140 1494 4228 decreverunt.
1598 4149 1881 4243 Quum
1931 4160 2203 4236 autem
2260 4149 2349 4230 in
2408 4146 2628 4232 hunc
2676 4147 3029 4230 modum'
3079 4161 3521 4244 neumam..
3556 4172 3692 4225 rex
