<?xml version="1.0" encoding="UTF-8"?>
<!DOCTYPE html PUBLIC "-//W3C//DTD XHTML 1.0 Transitional//EN"
    "http://www.w3.org/TR/xhtml1/DTD/xhtml1-transitional.dtd">
<html xmlns="http://www.w3.org/1999/xhtml" xml:lang="en" lang="en">
 <head>
  <title>
</title>
<meta http-equiv="Content-Type" content="text/html;charset=utf-8" />
  <meta name='ocr-system' content='tesseract 3.04.00' />
  <meta name='ocr-capabilities' content='ocr_page ocr_carea ocr_par ocr_line ocrx_word'/>
</head>
<body>
  <div class='ocr_page' id='page_1' title='image "./petrialfonsidis00schmgoog_0168.png"; bbox 0 0 3969 4580; ppageno 0'>
   <div class='ocr_carea' id='block_1_1' title="bbox 2051 163 2234 255">
    <p class='ocr_par' dir='ltr' id='par_1_1' title="bbox 2051 163 2234 255">
     <span class='ocr_line' id='line_1_1' title="bbox 2051 163 2234 255; baseline 0 0"><span class='ocrx_word' id='word_1_1' title='bbox 2051 163 2234 255; x_wconf 83' lang='lat'><strong>158</strong></span> 
     </span>
    </p>
   </div>
   <div class='ocr_carea' id='block_1_2' title="bbox 581 347 3709 723">
    <p class='ocr_par' dir='ltr' id='par_1_2' title="bbox 581 347 3709 723">
     <span class='ocr_line' id='line_1_2' title="bbox 587 347 3709 445; baseline -0.005 -18"><span class='ocrx_word' id='word_1_2' title='bbox 587 363 786 443; x_wconf 81' lang='lat'>1798)</span> <span class='ocrx_word' id='word_1_3' title='bbox 824 361 1294 445; x_wconf 80' lang='lat' dir='ltr'><strong>aul’genommen.</strong></span> <span class='ocrx_word' id='word_1_4' title='bbox 1364 357 1526 418; x_wconf 73' lang='lat' dir='ltr'><strong>”For</strong></span> <span class='ocrx_word' id='word_1_5' title='bbox 1561 354 1773 418; x_wconf 80' lang='lat' dir='ltr'><strong>Piers</strong></span> <span class='ocrx_word' id='word_1_6' title='bbox 1811 349 2190 436; x_wconf 72' lang='lat' dir='ltr'><strong>Alphonse</strong></span> <span class='ocrx_word' id='word_1_7' title='bbox 2228 353 2421 437; x_wconf 83' lang='lat' dir='ltr'><strong>sayth·</strong></span> <span class='ocrx_word' id='word_1_8' title='bbox 2481 353 2663 415; x_wconf 77' lang='lat' dir='ltr'><strong>Who</strong></span> <span class='ocrx_word' id='word_1_9' title='bbox 2709 373 2775 416; x_wconf 82' lang='lat' dir='ltr'><strong>so</strong></span> <span class='ocrx_word' id='word_1_10' title='bbox 2826 350 2955 416; x_wconf 86' lang='lat' dir='ltr'><strong>tbat</strong></span> <span class='ocrx_word' id='word_1_11' title='bbox 3001 350 3149 415; x_wconf 82' lang='lat' dir='ltr'><strong>dotb</strong></span> <span class='ocrx_word' id='word_1_12' title='bbox 3195 363 3263 414; x_wconf 88' lang='lat' dir='ltr'><strong>to</strong></span> <span class='ocrx_word' id='word_1_13' title='bbox 3311 348 3452 414; x_wconf 75' lang='lat' dir='ltr'><strong>thee</strong></span> <span class='ocrx_word' id='word_1_14' title='bbox 3490 347 3709 413; x_wconf 71' lang='lat' dir='ltr'><strong>suthe:-</strong></span> 
     </span>
     <span class='ocr_line' id='line_1_3' title="bbox 581 443 3706 544; baseline -0.003 -24"><span class='ocrx_word' id='word_1_15' title='bbox 581 458 748 544; x_wconf 75' lang='lat' dir='ltr'><strong>good</strong></span> <span class='ocrx_word' id='word_1_16' title='bbox 787 476 859 518; x_wconf 95' lang='lat' dir='ltr'><strong>or</strong></span> <span class='ocrx_word' id='word_1_17' title='bbox 897 457 1123 531; x_wconf 64' lang='lat' dir='ltr'><strong>hume,</strong></span> <span class='ocrx_word' id='word_1_18' title='bbox 1162 453 1323 515; x_wconf 78' lang='lat' dir='ltr'><strong>haste</strong></span> <span class='ocrx_word' id='word_1_19' title='bbox 1361 452 1498 514; x_wconf 82' lang='lat' dir='ltr'><strong>thee</strong></span> <span class='ocrx_word' id='word_1_20' title='bbox 1537 462 1647 513; x_wconf 91' lang='lat' dir='ltr'><strong>not</strong></span> <span class='ocrx_word' id='word_1_21' title='bbox 1684 462 1750 511; x_wconf 87' lang='lat' dir='ltr'><strong>to</strong></span> <span class='ocrx_word' id='word_1_22' title='bbox 1794 448 1953 530; x_wconf 85' lang='lat' dir='ltr'><strong>quite</strong></span> <span class='ocrx_word' id='word_1_23' title='bbox 1994 448 2071 521; x_wconf 82' lang='lat' dir='ltr'><strong>it;</strong></span> <span class='ocrx_word' id='word_1_24' title='bbox 2112 447 2264 509; x_wconf 78' lang='lat' dir='ltr'><strong>for</strong></span> <span class='ocrx_word' id='word_1_25' title='bbox 2245 470 2307 509; x_wconf 97' lang='grc' dir='ltr'><strong>ιιι</strong></span> <span class='ocrx_word' id='word_1_26' title='bbox 2345 448 2461 511; x_wconf 74' lang='lat' dir='ltr'><strong>this</strong></span> <span class='ocrx_word' id='word_1_27' title='bbox 2498 450 2641 511; x_wconf 74' lang='lat' dir='ltr'><strong>wise</strong></span> <span class='ocrx_word' id='word_1_28' title='bbox 2678 449 2787 531; x_wconf 80' lang='lat' dir='ltr'><strong>thy</strong></span> <span class='ocrx_word' id='word_1_29' title='bbox 2826 447 2993 513; x_wconf 77' lang='lat' dir='ltr'><strong>frend</strong></span> <span class='ocrx_word' id='word_1_30' title='bbox 3031 446 3153 509; x_wconf 75' lang='lat' dir='ltr'><strong>wol</strong></span> <span class='ocrx_word' id='word_1_31' title='bbox 3192 446 3389 524; x_wconf 67' lang='lat' dir='ltr'><strong>abida,</strong></span> <span class='ocrx_word' id='word_1_32' title='bbox 3427 445 3539 509; x_wconf 85' lang='lat' dir='ltr'><strong>and</strong></span> <span class='ocrx_word' id='word_1_33' title='bbox 3578 443 3706 511; x_wconf 70' lang='lat' dir='ltr'><strong>thiu</strong></span> 
     </span>
     <span class='ocr_line' id='line_1_4' title="bbox 585 540 3705 630; baseline -0.004 -15"><span class='ocrx_word' id='word_1_34' title='bbox 585 551 810 615; x_wconf 64' lang='lat' dir='ltr'><strong>menie</strong></span> <span class='ocrx_word' id='word_1_35' title='bbox 850 550 973 613; x_wconf 87' lang='lat' dir='ltr'><strong>sbal</strong></span> <span class='ocrx_word' id='word_1_36' title='bbox 1016 549 1111 610; x_wconf 89' lang='lat' dir='ltr'><strong>tbe</strong></span> <span class='ocrx_word' id='word_1_37' title='bbox 1150 548 1353 630; x_wconf 83' lang='lat' dir='ltr'><strong>lenger</strong></span> <span class='ocrx_word' id='word_1_38' title='bbox 1391 546 1565 608; x_wconf 85' lang='lat' dir='ltr'><strong>live</strong></span> <span class='ocrx_word' id='word_1_39' title='bbox 1544 567 1606 606; x_wconf 97' lang='grc' dir='ltr'><strong>ιιι</strong></span> <span class='ocrx_word' id='word_1_40' title='bbox 1647 544 1839 608; x_wconf 86' lang='lat' dir='ltr'><strong>drede.</strong></span> <span class='ocrx_word' id='word_1_41' title='bbox 1922 543 2054 605; x_wconf 85' lang='lat' dir='ltr'><strong>Tbe</strong></span> <span class='ocrx_word' id='word_1_42' title='bbox 2091 542 2385 625; x_wconf 74' lang='lat' dir='ltr'><strong>proverbe</strong></span> <span class='ocrx_word' id='word_1_43' title='bbox 2420 543 2613 625; x_wconf 74' lang='lat' dir='ltr'><strong>saytb·</strong></span> <span class='ocrx_word' id='word_1_44' title='bbox 2653 545 2749 604; x_wconf 87' lang='lat' dir='ltr'><strong>He</strong></span> <span class='ocrx_word' id='word_1_45' title='bbox 2787 542 3013 607; x_wconf 69' lang='lat' dir='ltr'><strong>hastath</strong></span> <span class='ocrx_word' id='word_1_46' title='bbox 3051 540 3169 606; x_wconf 77' lang='lat' dir='ltr'><strong>wel</strong></span> <span class='ocrx_word' id='word_1_47' title='bbox 3204 541 3337 604; x_wconf 80' lang='lat' dir='ltr'><strong>that</strong></span> <span class='ocrx_word' id='word_1_48' title='bbox 3370 540 3576 624; x_wconf 66' lang='lat' dir='ltr'><strong>wisely</strong></span> <span class='ocrx_word' id='word_1_49' title='bbox 3600 556 3705 603; x_wconf 71' lang='lat' dir='ltr'><strong>cat</strong></span> 
     </span>
     <span class='ocr_line' id='line_1_5' title="bbox 585 636 2946 723; baseline -0.003 -13"><span class='ocrx_word' id='word_1_50' title='bbox 585 647 780 710; x_wconf 80' lang='lat' dir='ltr'><strong>abide·</strong></span> <span class='ocrx_word' id='word_1_51' title='bbox 818 639 1978 723; x_wconf 75' lang='lat' dir='ltr'><strong>andinwikkedhastisnoprofite.«</strong></span> <span class='ocrx_word' id='word_1_52' title='bbox 2067 636 2792 723; x_wconf 59' lang='lat' dir='ltr'><strong>&amp;dieEinkitnngNn</strong></span> <span class='ocrx_word' id='word_1_53' title='bbox 2828 640 2946 701; x_wconf 99' lang='grc'><strong>3.</strong></span> 
     </span>
    </p>
   </div>
   <div class='ocr_carea' id='block_1_3' title="bbox 2018 841 2289 916">
    <p class='ocr_par' dir='ltr' id='par_1_3' title="bbox 2018 841 2289 916">
     <span class='ocr_line' id='line_1_6' title="bbox 2018 841 2289 916; baseline 0.004 -1"><span class='ocrx_word' id='word_1_54' title='bbox 2018 841 2289 916; x_wconf 86' lang='lat' dir='ltr'>XXVI.</span> 
     </span>
    </p>
   </div>
   <div class='ocr_carea' id='block_1_4' title="bbox 567 983 3726 2964">
    <p class='ocr_par' dir='ltr' id='par_1_4' title="bbox 567 983 3719 1826">
     <span class='ocr_line' id='line_1_7' title="bbox 832 983 3710 1071; baseline -0.003 -15"><span class='ocrx_word' id='word_1_55' title='bbox 832 996 891 1056; x_wconf 91' lang='lat'><strong>1.</strong></span> <span class='ocrx_word' id='word_1_56' title='bbox 978 989 1227 1051; x_wconf 76' lang='lat' dir='ltr'><strong>”Plato</strong></span> <span class='ocrx_word' id='word_1_57' title='bbox 1256 986 1517 1051; x_wconf 88' lang='lat' dir='ltr'><strong>retulit</strong></span> <span class='ocrx_word' id='word_1_58' title='bbox 1556 986 1630 1048; x_wconf 91' lang='lat' dir='ltr'><strong>in</strong></span> <span class='ocrx_word' id='word_1_59' title='bbox 1667 984 1860 1048; x_wconf 90' lang='lat' dir='ltr'><strong>libro</strong></span> <span class='ocrx_word' id='word_1_60' title='bbox 1888 987 1993 1049; x_wconf 92' lang='lat' dir='ltr'><strong>De</strong></span> <span class='ocrx_word' id='word_1_61' title='bbox 2019 983 2493 1071; x_wconf 77' lang='lat' dir='ltr'><strong>Prophetiis«</strong></span> <span class='ocrx_word' id='word_1_62' title='bbox 2540 1018 2622 1033; x_wconf 94' lang='lat'>—</span> <span class='ocrx_word' id='word_1_63' title='bbox 2660 986 2799 1057; x_wconf 85' lang='lat' dir='ltr'><strong>Von</strong></span> <span class='ocrx_word' id='word_1_64' title='bbox 2824 985 3034 1069; x_wconf 66' lang='lat' dir='ltr'><strong>{ichten</strong></span> <span class='ocrx_word' id='word_1_65' title='bbox 3065 984 3359 1049; x_wconf 78' lang='lat' dir='ltr'><strong>Schriften</strong></span> <span class='ocrx_word' id='word_1_66' title='bbox 3386 984 3487 1049; x_wconf 86' lang='lat' dir='ltr'><strong>des</strong></span> <span class='ocrx_word' id='word_1_67' title='bbox 3514 985 3710 1063; x_wconf 89' lang='lat' dir='ltr'><strong>Plato,</strong></span> 
     </span>
     <span class='ocr_line' id='line_1_8' title="bbox 594 1080 3713 1169; baseline -0.003 -17"><span class='ocrx_word' id='word_1_68' title='bbox 594 1103 745 1157; x_wconf 69' lang='lat' dir='ltr'><strong>etwa</strong></span> <span class='ocrx_word' id='word_1_69' title='bbox 784 1099 959 1149; x_wconf 86' lang='lat' dir='ltr'><strong>unter</strong></span> <span class='ocrx_word' id='word_1_70' title='bbox 996 1090 1282 1169; x_wconf 75' lang='lat' dir='ltr'><strong>sp’aterem</strong></span> <span class='ocrx_word' id='word_1_71' title='bbox 1323 1083 1513 1161; x_wconf 88' lang='lat' dir='ltr'><strong>Titel,</strong></span> <span class='ocrx_word' id='word_1_72' title='bbox 1560 1081 1673 1144; x_wconf 85' lang='lat' dir='ltr'><strong>wie</strong></span> <span class='ocrx_word' id='word_1_73' title='bbox 1712 1083 1809 1144; x_wconf 88' lang='lat' dir='ltr'><strong>das</strong></span> <span class='ocrx_word' id='word_1_74' title='bbox 1847 1081 2012 1144; x_wconf 84' lang='lat' dir='ltr'><strong>wobl</strong></span> <span class='ocrx_word' id='word_1_75' title='bbox 2051 1095 2215 1144; x_wconf 89' lang='lat' dir='ltr'><strong>sonst</strong></span> <span class='ocrx_word' id='word_1_76' title='bbox 2253 1082 2358 1142; x_wconf 89' lang='lat' dir='ltr'><strong>der</strong></span> <span class='ocrx_word' id='word_1_77' title='bbox 2397 1080 2521 1141; x_wconf 87' lang='lat' dir='ltr'><strong>Fall</strong></span> <span class='ocrx_word' id='word_1_78' title='bbox 2558 1080 2671 1159; x_wconf 87' lang='lat' dir='ltr'><strong>ist,</strong></span> <span class='ocrx_word' id='word_1_79' title='bbox 2721 1080 2871 1141; x_wconf 87' lang='lat' dir='ltr'><strong>kann</strong></span> <span class='ocrx_word' id='word_1_80' title='bbox 2910 1080 3039 1149; x_wconf 79' lang='lat' dir='ltr'><strong>hier</strong></span> <span class='ocrx_word' id='word_1_81' title='bbox 3078 1082 3168 1143; x_wconf 89' lang='lat' dir='ltr'><strong>die</strong></span> <span class='ocrx_word' id='word_1_82' title='bbox 3208 1080 3370 1142; x_wconf 85' lang='lat' dir='ltr'><strong>Rede</strong></span> <span class='ocrx_word' id='word_1_83' title='bbox 3409 1102 3475 1143; x_wconf 88' lang='lat' dir='ltr'><strong>so</strong></span> <span class='ocrx_word' id='word_1_84' title='bbox 3516 1080 3713 1165; x_wconf 84' lang='lat' dir='ltr'><strong>wenig</strong></span> 
     </span>
     <span class='ocr_line' id='line_1_9' title="bbox 592 1172 3713 1262; baseline -0.004 -14"><span class='ocrx_word' id='word_1_85' title='bbox 592 1185 738 1262; x_wconf 83' lang='lat' dir='ltr'><strong>sein,</strong></span> <span class='ocrx_word' id='word_1_86' title='bbox 775 1184 857 1245; x_wconf 88' lang='lat' dir='ltr'><strong>als</strong></span> <span class='ocrx_word' id='word_1_87' title='bbox 894 1202 1014 1245; x_wconf 90' lang='lat' dir='ltr'><strong>von</strong></span> <span class='ocrx_word' id='word_1_88' title='bbox 1054 1181 1166 1241; x_wconf 89' lang='lat' dir='ltr'><strong>den</strong></span> <span class='ocrx_word' id='word_1_89' title='bbox 1206 1176 1788 1261; x_wconf 84' lang='lat' dir='ltr'><strong>untergeschobenen</strong></span> <span class='ocrx_word' id='word_1_90' title='bbox 1818 1175 2114 1255; x_wconf 84' lang='lat' dir='ltr'><strong>Biichern,</strong></span> <span class='ocrx_word' id='word_1_91' title='bbox 2151 1174 2376 1238; x_wconf 82' lang='lat' dir='ltr'><strong>welche</strong></span> <span class='ocrx_word' id='word_1_92' title='bbox 2416 1174 2478 1235; x_wconf 89' lang='lat' dir='ltr'><strong>in</strong></span> <span class='ocrx_word' id='word_1_93' title='bbox 2519 1177 2632 1238; x_wconf 90' lang='lat' dir='ltr'><strong>den</strong></span> <span class='ocrx_word' id='word_1_94' title='bbox 2669 1175 3117 1260; x_wconf 72' lang='lat' dir='ltr'><strong>gewiihnlichen</strong></span> <span class='ocrx_word' id='word_1_95' title='bbox 3141 1172 3537 1259; x_wconf 79' lang='lat' dir='ltr'><strong>griechischen</strong></span> <span class='ocrx_word' id='word_1_96' title='bbox 3564 1176 3713 1237; x_wconf 77' lang='lat' dir='ltr'><strong>Aus-</strong></span> 
     </span>
     <span class='ocr_line' id='line_1_10' title="bbox 591 1268 3716 1364; baseline -0.003 -21"><span class='ocrx_word' id='word_1_97' title='bbox 591 1278 783 1364; x_wconf 81' lang='lat' dir='ltr'><strong>gaben</strong></span> <span class='ocrx_word' id='word_1_98' title='bbox 824 1278 923 1339; x_wconf 81' lang='lat' dir='ltr'><strong>des</strong></span> <span class='ocrx_word' id='word_1_99' title='bbox 961 1273 1352 1353; x_wconf 87' lang='lat' dir='ltr'><strong>Philosophen</strong></span> <span class='ocrx_word' id='word_1_100' title='bbox 1394 1271 1548 1333; x_wconf 85' lang='lat' dir='ltr'><strong>noch</strong></span> <span class='ocrx_word' id='word_1_101' title='bbox 1588 1272 1694 1332; x_wconf 89' lang='lat' dir='ltr'><strong>mit</strong></span> <span class='ocrx_word' id='word_1_102' title='bbox 1731 1268 2008 1355; x_wconf 85' lang='lat' dir='ltr'><strong>geduldet</strong></span> <span class='ocrx_word' id='word_1_103' title='bbox 2044 1273 2303 1332; x_wconf 77' lang='lat' dir='ltr'><strong>werden.</strong></span> <span class='ocrx_word' id='word_1_104' title='bbox 2382 1271 2584 1333; x_wconf 90' lang='lat' dir='ltr'><strong>Ueber</strong></span> <span class='ocrx_word' id='word_1_105' title='bbox 2622 1271 2718 1332; x_wconf 89' lang='lat' dir='ltr'><strong>das</strong></span> <span class='ocrx_word' id='word_1_106' title='bbox 2756 1269 2921 1331; x_wconf 86' lang='lat' dir='ltr'><strong>Bucb</strong></span> <span class='ocrx_word' id='word_1_107' title='bbox 2969 1269 3106 1331; x_wconf 74' lang='lat' dir='ltr'><strong>¹⁸De</strong></span> <span class='ocrx_word' id='word_1_108' title='bbox 3132 1270 3507 1352; x_wconf 78' lang='lat' dir='ltr'><strong>Prophetiis«</strong></span> <span class='ocrx_word' id='word_1_109' title='bbox 3556 1268 3716 1333; x_wconf 67' lang='lat' dir='ltr'><strong>weiss</strong></span> 
     </span>
     <span class='ocr_line' id='line_1_11' title="bbox 591 1365 3717 1450; baseline -0.003 -14"><span class='ocrx_word' id='word_1_110' title='bbox 591 1375 691 1449; x_wconf 76' lang='lat' dir='ltr'><strong>ich</strong></span> <span class='ocrx_word' id='word_1_111' title='bbox 729 1374 896 1435; x_wconf 86' lang='lat' dir='ltr'><strong>keine</strong></span> <span class='ocrx_word' id='word_1_112' title='bbox 920 1369 1232 1432; x_wconf 79' lang='lat' dir='ltr'><strong>Auskunft.</strong></span> <span class='ocrx_word' id='word_1_113' title='bbox 1311 1366 1478 1428; x_wconf 83' lang='lat' dir='ltr'><strong>Zwei</strong></span> <span class='ocrx_word' id='word_1_114' title='bbox 1517 1366 1727 1428; x_wconf 90' lang='lat' dir='ltr'><strong>andere</strong></span> <span class='ocrx_word' id='word_1_115' title='bbox 1752 1365 2166 1450; x_wconf 89' lang='lat' dir='ltr'><strong>astrologische</strong></span> <span class='ocrx_word' id='word_1_116' title='bbox 2191 1366 2425 1430; x_wconf 78' lang='lat' dir='ltr'><strong>Biicber</strong></span> <span class='ocrx_word' id='word_1_117' title='bbox 2474 1365 2607 1428; x_wconf 78' lang='lat' dir='ltr'><strong>”De</strong></span> <span class='ocrx_word' id='word_1_118' title='bbox 2632 1385 2842 1427; x_wconf 75' lang='lat' dir='ltr'><strong>vacca«</strong></span> <span class='ocrx_word' id='word_1_119' title='bbox 2891 1365 3009 1426; x_wconf 84' lang='lat' dir='ltr'><strong>und</strong></span> <span class='ocrx_word' id='word_1_120' title='bbox 3058 1366 3539 1428; x_wconf 69' lang='lat' dir='ltr'><strong>”Institutionesoe</strong></span> <span class='ocrx_word' id='word_1_121' title='bbox 3587 1387 3717 1427; x_wconf 88' lang='lat' dir='ltr'><strong>ver-</strong></span> 
     </span>
     <span class='ocr_line' id='line_1_12' title="bbox 596 1445 3715 1551; baseline -0.002 -23"><span class='ocrx_word' id='word_1_122' title='bbox 596 1467 763 1529; x_wconf 82' lang='lat' dir='ltr'><strong>wirft</strong></span> <span class='ocrx_word' id='word_1_123' title='bbox 793 1466 879 1529; x_wconf 83' lang='lat' dir='ltr'><strong>als</strong></span> <span class='ocrx_word' id='word_1_124' title='bbox 917 1460 1314 1547; x_wconf 85' lang='lat' dir='ltr'><strong>betriigerisch</strong></span> <span class='ocrx_word' id='word_1_125' title='bbox 1340 1462 1508 1537; x_wconf 74' lang='lat' dir='ltr'><strong>Picus</strong></span> <span class='ocrx_word' id='word_1_126' title='bbox 1536 1445 1858 1521; x_wconf 76' lang='lat' dir='ltr'><strong>Mirandula</strong></span> <span class='ocrx_word' id='word_1_127' title='bbox 1884 1460 1946 1521; x_wconf 92' lang='lat' dir='ltr'><strong>in</strong></span> <span class='ocrx_word' id='word_1_128' title='bbox 1972 1461 2077 1521; x_wconf 90' lang='lat' dir='ltr'><strong>der</strong></span> <span class='ocrx_word' id='word_1_129' title='bbox 2102 1458 2151 1519; x_wconf 90' lang='lat' dir='ltr'><strong>F</strong></span> <span class='ocrx_word' id='word_1_130' title='bbox 2154 1473 2494 1546; x_wconf 86' lang='lat' dir='ltr'><strong>ortsetzung</strong></span> <span class='ocrx_word' id='word_1_131' title='bbox 2533 1460 2638 1523; x_wconf 89' lang='lat' dir='ltr'><strong>der</strong></span> <span class='ocrx_word' id='word_1_132' title='bbox 2655 1484 2729 1520; x_wconf 81' lang='lat' dir='ltr'><strong>zu</strong></span> <span class='ocrx_word' id='word_1_133' title='bbox 2757 1459 2899 1541; x_wconf 90' lang='lat' dir='ltr'><strong>Cap.</strong></span> <span class='ocrx_word' id='word_1_134' title='bbox 2929 1461 2989 1535; x_wconf 85' lang='lat'><strong>6,</strong></span> <span class='ocrx_word' id='word_1_135' title='bbox 3015 1461 3055 1520; x_wconf 89' lang='grc'><strong>3</strong></span> <span class='ocrx_word' id='word_1_136' title='bbox 3079 1458 3505 1551; x_wconf 75' lang='lat' dir='ltr'><strong>mitgetheilten</strong></span> <span class='ocrx_word' id='word_1_137' title='bbox 3536 1460 3715 1545; x_wconf 81' lang='lat' dir='ltr'><strong>Stelle</strong></span> 
     </span>
     <span class='ocr_line' id='line_1_13' title="bbox 599 1553 3719 1641; baseline -0.002 -17"><span class='ocrx_word' id='word_1_138' title='bbox 599 1584 701 1624; x_wconf 89' lang='lat' dir='ltr'><strong>aus</strong></span> <span class='ocrx_word' id='word_1_139' title='bbox 740 1563 811 1621; x_wconf 89' lang='lat' dir='ltr'><strong>B.</strong></span> <span class='ocrx_word' id='word_1_140' title='bbox 854 1562 910 1620; x_wconf 91' lang='lat'><strong>1.</strong></span> <span class='ocrx_word' id='word_1_141' title='bbox 991 1557 1205 1641; x_wconf 89' lang='lat' dir='ltr'><strong>Gegen</strong></span> <span class='ocrx_word' id='word_1_142' title='bbox 1255 1557 1346 1618; x_wconf 91' lang='lat' dir='ltr'><strong>die</strong></span> <span class='ocrx_word' id='word_1_143' title='bbox 1386 1555 1607 1619; x_wconf 85' lang='lat' dir='ltr'><strong>Astrol.</strong></span> <span class='ocrx_word' id='word_1_144' title='bbox 1668 1554 1922 1615; x_wconf 76' lang='lat' dir='ltr'><strong>»Libros</strong></span> <span class='ocrx_word' id='word_1_145' title='bbox 1961 1553 2299 1615; x_wconf 76' lang='lat' dir='ltr'><strong>Platonis</strong></span> <span class='ocrx_word' id='word_1_146' title='bbox 2337 1554 2438 1616; x_wconf 90' lang='lat' dir='ltr'><strong>De</strong></span> <span class='ocrx_word' id='word_1_147' title='bbox 2480 1554 2710 1616; x_wconf 86' lang='lat' dir='ltr'><strong>Vacca</strong></span> <span class='ocrx_word' id='word_1_148' title='bbox 2750 1553 2906 1637; x_wconf 83' lang='lat' dir='ltr'><strong>Magi</strong></span> <span class='ocrx_word' id='word_1_149' title='bbox 2959 1555 3404 1633; x_wconf 82' lang='lat' dir='ltr'><strong>circumferunt,</strong></span> <span class='ocrx_word' id='word_1_150' title='bbox 3464 1566 3526 1617; x_wconf 89' lang='lat' dir='ltr'><strong>et</strong></span> <span class='ocrx_word' id='word_1_151' title='bbox 3574 1574 3719 1637; x_wconf 84' lang='lat' dir='ltr'><strong>qnos</strong></span> 
     </span>
     <span class='ocr_line' id='line_1_14' title="bbox 593 1646 3719 1732; baseline -0.003 -12"><span class='ocrx_word' id='word_1_152' title='bbox 593 1667 814 1720; x_wconf 77' lang='lat' dir='ltr'><strong>vocant</strong></span> <span class='ocrx_word' id='word_1_153' title='bbox 861 1651 1449 1729; x_wconf 75' lang='lat' dir='ltr'><strong>Institutionum,</strong></span> <span class='ocrx_word' id='word_1_154' title='bbox 1509 1648 1923 1713; x_wconf 72' lang='lat' dir='ltr'><strong>execrabilibus</strong></span> <span class='ocrx_word' id='word_1_155' title='bbox 1973 1647 2211 1711; x_wconf 86' lang='lat' dir='ltr'><strong>somniis</strong></span> <span class='ocrx_word' id='word_1_156' title='bbox 2259 1646 2663 1732; x_wconf 71' lang='lat' dir='ltr'><strong>figmentisque</strong></span> <span class='ocrx_word' id='word_1_157' title='bbox 2713 1647 2994 1726; x_wconf 83' lang='lat' dir='ltr'><strong>refertos,</strong></span> <span class='ocrx_word' id='word_1_158' title='bbox 3045 1661 3105 1710; x_wconf 91' lang='lat' dir='ltr'><strong>et</strong></span> <span class='ocrx_word' id='word_1_159' title='bbox 3153 1670 3186 1710; x_wconf 91' lang='lat' dir='ltr'><strong>a</strong></span> <span class='ocrx_word' id='word_1_160' title='bbox 3234 1646 3549 1713; x_wconf 88' lang='lat' dir='ltr'><strong>Platone</strong></span> <span class='ocrx_word' id='word_1_161' title='bbox 3597 1670 3719 1711; x_wconf 90' lang='lat' dir='ltr'><strong>non</strong></span> 
     </span>
     <span class='ocr_line' id='line_1_15' title="bbox 567 1740 3612 1826; baseline -0.002 -13"><span class='ocrx_word' id='word_1_162' title='bbox 567 1751 789 1813; x_wconf 36' lang='lat' dir='ltr'><strong>*minus</strong></span> <span class='ocrx_word' id='word_1_163' title='bbox 825 1748 1070 1822; x_wconf 83' lang='lat' dir='ltr'><strong>alienos,</strong></span> <span class='ocrx_word' id='word_1_164' title='bbox 1112 1767 1281 1826; x_wconf 88' lang='lat' dir='ltr'><strong>quam</strong></span> <span class='ocrx_word' id='word_1_165' title='bbox 1319 1745 1425 1806; x_wconf 90' lang='lat' dir='ltr'><strong>ista</strong></span> <span class='ocrx_word' id='word_1_166' title='bbox 1465 1745 1580 1806; x_wconf 88' lang='lat' dir='ltr'><strong>sint</strong></span> <span class='ocrx_word' id='word_1_167' title='bbox 1618 1743 2009 1807; x_wconf 82' lang='lat' dir='ltr'><strong>mendicabula</strong></span> <span class='ocrx_word' id='word_1_168' title='bbox 2049 1765 2082 1803; x_wconf 92' lang='lat' dir='ltr'><strong>a</strong></span> <span class='ocrx_word' id='word_1_169' title='bbox 2121 1740 2457 1804; x_wconf 80' lang='lat' dir='ltr'><strong>Platonis</strong></span> <span class='ocrx_word' id='word_1_170' title='bbox 2496 1740 2704 1825; x_wconf 87' lang='lat' dir='ltr'><strong>procul</strong></span> <span class='ocrx_word' id='word_1_171' title='bbox 2744 1753 2805 1803; x_wconf 91' lang='lat' dir='ltr'><strong>et</strong></span> <span class='ocrx_word' id='word_1_172' title='bbox 2845 1741 3136 1823; x_wconf 77' lang='lat' dir='ltr'><strong>probitate</strong></span> <span class='ocrx_word' id='word_1_173' title='bbox 3176 1755 3238 1805; x_wconf 89' lang='lat' dir='ltr'><strong>et</strong></span> <span class='ocrx_word' id='word_1_174' title='bbox 3274 1744 3612 1826; x_wconf 53' lang='lat' dir='ltr'><strong>sapientiam</strong></span> 
     </span>
    </p>

    <p class='ocr_par' dir='ltr' id='par_1_5' title="bbox 603 1828 3726 2964">
     <span class='ocr_line' id='line_1_16' title="bbox 839 1828 3716 1921; baseline -0.001 -17"><span class='ocrx_word' id='word_1_175' title='bbox 839 1846 899 1904; x_wconf 81' lang='lat'><strong>2.</strong></span> <span class='ocrx_word' id='word_1_176' title='bbox 987 1840 1336 1920; x_wconf 77' lang='lat' dir='ltr'><strong>”Sapiens</strong></span> <span class='ocrx_word' id='word_1_177' title='bbox 1374 1838 1616 1917; x_wconf 86' lang='lat' dir='ltr'><strong>homo,</strong></span> <span class='ocrx_word' id='word_1_178' title='bbox 1653 1841 1945 1907; x_wconf 84' lang='lat' dir='ltr'><strong>nomine</strong></span> <span class='ocrx_word' id='word_1_179' title='bbox 1986 1837 2375 1914; x_wconf 83' lang='lat' dir='ltr'><strong>Marianus,</strong></span> <span class='ocrx_word' id='word_1_180' title='bbox 2416 1838 2533 1919; x_wconf 92' lang='lat' dir='ltr'><strong>qui</strong></span> <span class='ocrx_word' id='word_1_181' title='bbox 2570 1858 2703 1920; x_wconf 89' lang='lat' dir='ltr'><strong>per</strong></span> <span class='ocrx_word' id='word_1_182' title='bbox 2742 1828 3081 1918; x_wconf 88' lang='lat' dir='ltr'><strong>spiritum</strong></span> <span class='ocrx_word' id='word_1_183' title='bbox 3117 1844 3449 1900; x_wconf 88' lang='lat' dir='ltr'><strong>sanctum</strong></span> <span class='ocrx_word' id='word_1_184' title='bbox 3480 1839 3716 1921; x_wconf 84' lang='lat' dir='ltr'><strong>loqui·-</strong></span> 
     </span>
     <span class='ocr_line' id='line_1_17' title="bbox 603 1930 3712 2016; baseline 0 -21"><span class='ocrx_word' id='word_1_185' title='bbox 603 1955 775 2004; x_wconf 64' lang='grc' dir='ltr'>ιω...</span> <span class='ocrx_word' id='word_1_186' title='bbox 824 1969 904 1981; x_wconf 90' lang='grc'>-</span> <span class='ocrx_word' id='word_1_187' title='bbox 940 1935 1163 1995; x_wconf 86' lang='lat' dir='ltr'><strong>Nimmt</strong></span> <span class='ocrx_word' id='word_1_188' title='bbox 1201 1953 1331 1993; x_wconf 90' lang='lat' dir='ltr'><strong>man</strong></span> <span class='ocrx_word' id='word_1_189' title='bbox 1373 1934 1516 1995; x_wconf 89' lang='lat' dir='ltr'><strong>dazu</strong></span> <span class='ocrx_word' id='word_1_190' title='bbox 1542 1956 1640 1995; x_wconf 88' lang='lat' dir='ltr'><strong>aus</strong></span> <span class='ocrx_word' id='word_1_191' title='bbox 1674 1930 1731 2016; x_wconf 83' lang='lat'><strong>§.</strong></span> <span class='ocrx_word' id='word_1_192' title='bbox 1758 1934 1825 1993; x_wconf 93' lang='grc'><strong>3.</strong></span> <span class='ocrx_word' id='word_1_193' title='bbox 1875 1932 2121 2014; x_wconf 76' lang='grc' dir='ltr'>»ἰμιοά</span> <span class='ocrx_word' id='word_1_194' title='bbox 2103 1954 2224 2016; x_wconf 70' lang='lat' dir='ltr'><strong>ipse</strong></span> <span class='ocrx_word' id='word_1_195' title='bbox 2264 1944 2325 1992; x_wconf 90' lang='lat' dir='ltr'><strong>et</strong></span> <span class='ocrx_word' id='word_1_196' title='bbox 2363 1932 2530 1993; x_wconf 88' lang='lat' dir='ltr'><strong>multi</strong></span> <span class='ocrx_word' id='word_1_197' title='bbox 2567 1932 2640 1994; x_wconf 92' lang='lat' dir='ltr'><strong>de</strong></span> <span class='ocrx_word' id='word_1_198' title='bbox 2679 1931 3011 1993; x_wconf 81' lang='lat' dir='ltr'><strong>concivibus</strong></span> <span class='ocrx_word' id='word_1_199' title='bbox 3038 1952 3349 1994; x_wconf 88' lang='lat' dir='ltr'><strong>eremum</strong></span> <span class='ocrx_word' id='word_1_200' title='bbox 3374 1933 3712 2015; x_wconf 78' lang='lat' dir='ltr'><strong>petiissent«</strong></span> 
     </span>
     <span class='ocr_line' id='line_1_18' title="bbox 605 2025 3721 2112; baseline -0.003 -14"><span class='ocrx_word' id='word_1_201' title='bbox 605 2057 671 2098; x_wconf 85' lang='lat' dir='ltr'><strong>so</strong></span> <span class='ocrx_word' id='word_1_202' title='bbox 712 2032 861 2094; x_wconf 83' lang='lat' dir='ltr'><strong>wird</strong></span> <span class='ocrx_word' id='word_1_203' title='bbox 901 2028 1062 2090; x_wconf 88' lang='lat' dir='ltr'><strong>wohl</strong></span> <span class='ocrx_word' id='word_1_204' title='bbox 1088 2028 1247 2088; x_wconf 90' lang='lat' dir='ltr'><strong>Petr.</strong></span> <span class='ocrx_word' id='word_1_205' title='bbox 1275 2027 1395 2089; x_wconf 82' lang='lat' dir='ltr'><strong>Alf.</strong></span> <span class='ocrx_word' id='word_1_206' title='bbox 1435 2028 1548 2089; x_wconf 91' lang='lat' dir='ltr'><strong>den</strong></span> <span class='ocrx_word' id='word_1_207' title='bbox 1588 2048 1732 2112; x_wconf 84' lang='lat' dir='ltr'><strong>ganz</strong></span> <span class='ocrx_word' id='word_1_208' title='bbox 1758 2027 2129 2111; x_wconf 82' lang='lat' dir='ltr'><strong>sagenhal&#39;ten</strong></span> <span class='ocrx_word' id='word_1_209' title='bbox 2155 2025 2478 2087; x_wconf 88' lang='lat' dir='ltr'><strong>Einsiedler</strong></span> <span class='ocrx_word' id='word_1_210' title='bbox 2501 2026 2792 2087; x_wconf 86' lang='lat' dir='ltr'><strong>Marianus</strong></span> <span class='ocrx_word' id='word_1_211' title='bbox 2832 2026 3092 2102; x_wconf 88' lang='lat' dir='ltr'><strong>meinen,</strong></span> <span class='ocrx_word' id='word_1_212' title='bbox 3129 2047 3250 2089; x_wconf 90' lang='lat' dir='ltr'><strong>von</strong></span> <span class='ocrx_word' id='word_1_213' title='bbox 3288 2027 3570 2090; x_wconf 84' lang='lat' dir='ltr'><strong>welcbem</strong></span> <span class='ocrx_word' id='word_1_214' title='bbox 3611 2048 3721 2089; x_wconf 83' lang='lat' dir='ltr'><strong>nur</strong></span> 
     </span>
     <span class='ocr_line' id='line_1_19' title="bbox 603 2118 3723 2210; baseline -0.003 -18"><span class='ocrx_word' id='word_1_215' title='bbox 603 2130 699 2192; x_wconf 86' lang='lat' dir='ltr'><strong>bei</strong></span> <span class='ocrx_word' id='word_1_216' title='bbox 720 2127 1029 2210; x_wconf 85' lang='lat' dir='ltr'><strong>Gregorv.</strong></span> <span class='ocrx_word' id='word_1_217' title='bbox 1060 2123 1337 2200; x_wconf 87' lang='lat' dir='ltr'><strong>Tours,</strong></span> <span class='ocrx_word' id='word_1_218' title='bbox 1320 2121 1454 2184; x_wconf 75' lang='lat' dir='ltr'><strong>”De</strong></span> <span class='ocrx_word' id='word_1_219' title='bbox 1479 2121 1667 2206; x_wconf 87' lang='lat' dir='ltr'><strong>gloria</strong></span> <span class='ocrx_word' id='word_1_220' title='bbox 1694 2121 1956 2184; x_wconf 82' lang='lat' dir='ltr'><strong>Confess.</strong></span> <span class='ocrx_word' id='word_1_221' title='bbox 1965 2154 2001 2181; x_wconf 65' lang='lat' dir='ltr'>u</span> <span class='ocrx_word' id='word_1_222' title='bbox 2037 2143 2087 2181; x_wconf 91' lang='lat' dir='ltr'><strong>c.</strong></span> <span class='ocrx_word' id='word_1_223' title='bbox 2116 2123 2191 2184; x_wconf 86' lang='lat'><strong>81</strong></span> <span class='ocrx_word' id='word_1_224' title='bbox 2222 2121 2311 2182; x_wconf 90' lang='lat' dir='ltr'><strong>die</strong></span> <span class='ocrx_word' id='word_1_225' title='bbox 2340 2119 2656 2183; x_wconf 84' lang='lat' dir='ltr'><strong>Nachricht</strong></span> <span class='ocrx_word' id='word_1_226' title='bbox 2681 2119 2801 2181; x_wconf 88' lang='lat' dir='ltr'><strong>sich</strong></span> <span class='ocrx_word' id='word_1_227' title='bbox 2839 2118 3103 2182; x_wconf 85' lang='lat' dir='ltr'><strong>erhalten</strong></span> <span class='ocrx_word' id='word_1_228' title='bbox 3143 2120 3269 2185; x_wconf 87' lang='lat' dir='ltr'><strong>bat·</strong></span> <span class='ocrx_word' id='word_1_229' title='bbox 3318 2122 3496 2182; x_wconf 76' lang='lat' dir='ltr'><strong>”Fuit</strong></span> <span class='ocrx_word' id='word_1_230' title='bbox 3533 2133 3723 2183; x_wconf 87' lang='lat' dir='ltr'><strong>autem</strong></span> 
     </span>
     <span class='ocr_line' id='line_1_20' title="bbox 607 2213 3725 2335; baseline -0.004 -49"><span class='ocrx_word' id='word_1_231' title='bbox 607 2227 669 2286; x_wconf 90' lang='lat' dir='ltr'><strong>in</strong></span> <span class='ocrx_word' id='word_1_232' title='bbox 710 2224 834 2335; x_wconf 88' lang='lat' dir='ltr'><strong>ipso</strong></span> <span class='ocrx_word' id='word_1_233' title='bbox 875 2218 1126 2281; x_wconf 88' lang='lat' dir='ltr'><strong>termino</strong></span> <span class='ocrx_word' id='word_1_234' title='bbox 1154 2217 1517 2277; x_wconf 87' lang='lat' dir='ltr'><strong>Marianus</strong></span> <span class='ocrx_word' id='word_1_235' title='bbox 1557 2215 1784 2297; x_wconf 88' lang='lat' dir='ltr'><strong>quidam</strong></span> <span class='ocrx_word' id='word_1_236' title='bbox 1824 2216 2084 2290; x_wconf 79' lang='lat' dir='ltr'><strong>eremita,</strong></span> <span class='ocrx_word' id='word_1_237' title='bbox 2126 2216 2220 2278; x_wconf 90' lang='lat' dir='ltr'><strong>cui</strong></span> <span class='ocrx_word' id='word_1_238' title='bbox 2259 2237 2379 2276; x_wconf 90' lang='lat' dir='ltr'><strong>non</strong></span> <span class='ocrx_word' id='word_1_239' title='bbox 2421 2227 2546 2276; x_wconf 88' lang='lat' dir='ltr'><strong>erat</strong></span> <span class='ocrx_word' id='word_1_240' title='bbox 2583 2213 2728 2276; x_wconf 91' lang='lat' dir='ltr'><strong>alter</strong></span> <span class='ocrx_word' id='word_1_241' title='bbox 2768 2214 2926 2275; x_wconf 90' lang='lat' dir='ltr'><strong>cibus</strong></span> <span class='ocrx_word' id='word_1_242' title='bbox 2966 2214 3074 2274; x_wconf 84' lang='lat' dir='ltr'><strong>nisi</strong></span> <span class='ocrx_word' id='word_1_243' title='bbox 3115 2235 3307 2327; x_wconf 51' lang='lat' dir='ltr'><strong>poma·</strong></span> <span class='ocrx_word' id='word_1_244' title='bbox 3323 2216 3582 2301; x_wconf 84' lang='lat' dir='ltr'><strong>agrestia.</strong></span> <span class='ocrx_word' id='word_1_245' title='bbox 3644 2215 3725 2275; x_wconf 83' lang='lat' dir='ltr'><strong>Et</strong></span> 
     </span>
     <span class='ocr_line' id='line_1_21' title="bbox 609 2307 3724 2397; baseline -0.004 -14"><span class='ocrx_word' id='word_1_246' title='bbox 609 2322 658 2384; x_wconf 87' lang='lat' dir='ltr'><strong>si</strong></span> <span class='ocrx_word' id='word_1_247' title='bbox 697 2320 751 2382; x_wconf 91' lang='lat' dir='ltr'><strong>ei</strong></span> <span class='ocrx_word' id='word_1_248' title='bbox 789 2314 1090 2397; x_wconf 83' lang='lat' dir='ltr'><strong>aliquoties</strong></span> <span class='ocrx_word' id='word_1_249' title='bbox 1129 2335 1160 2374; x_wconf 92' lang='lat' dir='ltr'><strong>a</strong></span> <span class='ocrx_word' id='word_1_250' title='bbox 1203 2309 1534 2394; x_wconf 89' lang='lat' dir='ltr'><strong>quibusdam</strong></span> <span class='ocrx_word' id='word_1_251' title='bbox 1579 2309 1690 2371; x_wconf 79' lang='lat' dir='ltr'><strong>mel</strong></span> <span class='ocrx_word' id='word_1_252' title='bbox 1729 2310 1978 2372; x_wconf 88' lang='lat' dir='ltr'><strong>delatum</strong></span> <span class='ocrx_word' id='word_1_253' title='bbox 2021 2312 2250 2389; x_wconf 56' lang='lat' dir='ltr'><strong>fuisset,</strong></span> <span class='ocrx_word' id='word_1_254' title='bbox 2286 2323 2387 2371; x_wconf 90' lang='lat' dir='ltr'><strong>aut</strong></span> <span class='ocrx_word' id='word_1_255' title='bbox 2423 2309 2471 2371; x_wconf 87' lang='lat' dir='ltr'><strong>si</strong></span> <span class='ocrx_word' id='word_1_256' title='bbox 2509 2310 2632 2392; x_wconf 88' lang='lat' dir='ltr'><strong>ipse</strong></span> <span class='ocrx_word' id='word_1_257' title='bbox 2671 2309 2929 2391; x_wconf 88' lang='lat' dir='ltr'><strong>reperire</strong></span> <span class='ocrx_word' id='word_1_258' title='bbox 2968 2307 3252 2391; x_wconf 76' lang='lat' dir='ltr'><strong>potuisset</strong></span> <span class='ocrx_word' id='word_1_259' title='bbox 3289 2311 3349 2371; x_wconf 92' lang='lat' dir='ltr'><strong>in</strong></span> <span class='ocrx_word' id='word_1_260' title='bbox 3386 2310 3572 2388; x_wconf 80' lang='lat' dir='ltr'><strong>silvis,</strong></span> <span class='ocrx_word' id='word_1_261' title='bbox 3610 2308 3724 2373; x_wconf 83' lang='lat' dir='ltr'><strong>hoc</strong></span> 
     </span>
     <span class='ocr_line' id='line_1_22' title="bbox 609 2403 3725 2488; baseline -0.002 -12"><span class='ocrx_word' id='word_1_262' title='bbox 609 2418 668 2480; x_wconf 83' lang='lat' dir='ltr'><strong>ei</strong></span> <span class='ocrx_word' id='word_1_263' title='bbox 706 2426 831 2476; x_wconf 88' lang='lat' dir='ltr'><strong>erat</strong></span> <span class='ocrx_word' id='word_1_264' title='bbox 869 2411 1046 2472; x_wconf 80' lang='lat' dir='ltr'><strong>cibus.</strong></span> <span class='ocrx_word' id='word_1_265' title='bbox 1128 2403 1251 2483; x_wconf 88' lang='lat' dir='ltr'><strong>Qui</strong></span> <span class='ocrx_word' id='word_1_266' title='bbox 1291 2429 1466 2488; x_wconf 88' lang='lat' dir='ltr'><strong>quum</strong></span> <span class='ocrx_word' id='word_1_267' title='bbox 1507 2405 1850 2487; x_wconf 89' lang='lat' dir='ltr'><strong>plerumque</strong></span> <span class='ocrx_word' id='word_1_268' title='bbox 1889 2406 2217 2468; x_wconf 80' lang='lat' dir='ltr'><strong>visitaretur</strong></span> <span class='ocrx_word' id='word_1_269' title='bbox 2257 2427 2290 2466; x_wconf 89' lang='lat' dir='ltr'><strong>a</strong></span> <span class='ocrx_word' id='word_1_270' title='bbox 2326 2403 2616 2486; x_wconf 87' lang='lat' dir='ltr'><strong>plurimis,</strong></span> <span class='ocrx_word' id='word_1_271' title='bbox 2658 2405 2905 2486; x_wconf 87' lang='lat' dir='ltr'><strong>quodam</strong></span> <span class='ocrx_word' id='word_1_272' title='bbox 2944 2417 3209 2486; x_wconf 88' lang='lat' dir='ltr'><strong>tempore</strong></span> <span class='ocrx_word' id='word_1_273' title='bbox 3247 2426 3279 2465; x_wconf 92' lang='lat' dir='ltr'><strong>a</strong></span> <span class='ocrx_word' id='word_1_274' title='bbox 3320 2404 3725 2487; x_wconf 78' lang='lat' dir='ltr'><strong>quaerentibus</strong></span> 
     </span>
     <span class='ocr_line' id='line_1_23' title="bbox 612 2497 3725 2590; baseline -0.002 -20"><span class='ocrx_word' id='word_1_275' title='bbox 612 2529 735 2570; x_wconf 88' lang='lat' dir='ltr'><strong>non</strong></span> <span class='ocrx_word' id='word_1_276' title='bbox 784 2518 1018 2590; x_wconf 87' lang='lat' dir='ltr'><strong>poterat</strong></span> <span class='ocrx_word' id='word_1_277' title='bbox 1066 2502 1331 2566; x_wconf 89' lang='lat' dir='ltr'><strong>inveniri.</strong></span> <span class='ocrx_word' id='word_1_278' title='bbox 1413 2499 1827 2584; x_wconf 82' lang='lat' dir='ltr'><strong>investigantes</strong></span> <span class='ocrx_word' id='word_1_279' title='bbox 1877 2500 2126 2581; x_wconf 89' lang='lat' dir='ltr'><strong>denique</strong></span> <span class='ocrx_word' id='word_1_280' title='bbox 2166 2522 2295 2561; x_wconf 89' lang='lat' dir='ltr'><strong>eum</strong></span> <span class='ocrx_word' id='word_1_281' title='bbox 2343 2498 2486 2577; x_wconf 88' lang='lat' dir='ltr'><strong>viri,</strong></span> <span class='ocrx_word' id='word_1_282' title='bbox 2535 2500 2636 2581; x_wconf 92' lang='lat' dir='ltr'><strong>qui</strong></span> <span class='ocrx_word' id='word_1_283' title='bbox 2682 2510 2990 2576; x_wconf 89' lang='lat' dir='ltr'><strong>venerant,</strong></span> <span class='ocrx_word' id='word_1_284' title='bbox 3043 2497 3407 2581; x_wconf 88' lang='lat' dir='ltr'><strong>deprehenso</strong></span> <span class='ocrx_word' id='word_1_285' title='bbox 3442 2501 3725 2586; x_wconf 84' lang='lat' dir='ltr'><strong>vestigio,</strong></span> 
     </span>
     <span class='ocr_line' id='line_1_24' title="bbox 611 2593 3726 2679; baseline -0.003 -13"><span class='ocrx_word' id='word_1_286' title='bbox 611 2603 963 2668; x_wconf 85' lang='lat' dir='ltr'><strong>invenerunt</strong></span> <span class='ocrx_word' id='word_1_287' title='bbox 995 2599 1221 2673; x_wconf 85' lang='lat' dir='ltr'><strong>locum,</strong></span> <span class='ocrx_word' id='word_1_288' title='bbox 1270 2596 1331 2655; x_wconf 90' lang='lat' dir='ltr'><strong>in</strong></span> <span class='ocrx_word' id='word_1_289' title='bbox 1372 2617 1489 2678; x_wconf 88' lang='lat' dir='ltr'><strong>quo</strong></span> <span class='ocrx_word' id='word_1_290' title='bbox 1530 2596 1683 2656; x_wconf 82' lang='lat' dir='ltr'><strong>flexo</strong></span> <span class='ocrx_word' id='word_1_291' title='bbox 1724 2615 1880 2678; x_wconf 88' lang='lat' dir='ltr'><strong>genu</strong></span> <span class='ocrx_word' id='word_1_292' title='bbox 1918 2616 2121 2675; x_wconf 87' lang='lat' dir='ltr'><strong>aquam</strong></span> <span class='ocrx_word' id='word_1_293' title='bbox 2162 2594 2349 2656; x_wconf 86' lang='lat' dir='ltr'><strong>bausit</strong></span> <span class='ocrx_word' id='word_1_294' title='bbox 2386 2616 2418 2657; x_wconf 92' lang='lat' dir='ltr'><strong>a</strong></span> <span class='ocrx_word' id='word_1_295' title='bbox 2456 2594 2654 2657; x_wconf 89' lang='lat' dir='ltr'><strong>fluvio.</strong></span> <span class='ocrx_word' id='word_1_296' title='bbox 2734 2595 2816 2656; x_wconf 90' lang='lat' dir='ltr'><strong>Et</strong></span> <span class='ocrx_word' id='word_1_297' title='bbox 2855 2593 3058 2657; x_wconf 85' lang='lat' dir='ltr'><strong>exinde</strong></span> <span class='ocrx_word' id='word_1_298' title='bbox 3095 2596 3389 2678; x_wconf 87' lang='lat' dir='ltr'><strong>progressi</strong></span> <span class='ocrx_word' id='word_1_299' title='bbox 3425 2597 3726 2679; x_wconf 89' lang='lat' dir='ltr'><strong>reperiunt</strong></span> 
     </span>
     <span class='ocr_line' id='line_1_25' title="bbox 615 2686 3725 2771; baseline -0.002 -10"><span class='ocrx_word' id='word_1_300' title='bbox 615 2719 749 2761; x_wconf 84' lang='lat' dir='ltr'><strong>eum</strong></span> <span class='ocrx_word' id='word_1_301' title='bbox 789 2695 893 2758; x_wconf 90' lang='lat' dir='ltr'><strong>sub</strong></span> <span class='ocrx_word' id='word_1_302' title='bbox 934 2714 1047 2754; x_wconf 88' lang='lat' dir='ltr'><strong>una</strong></span> <span class='ocrx_word' id='word_1_303' title='bbox 1086 2691 1326 2768; x_wconf 87' lang='lat' dir='ltr'><strong>arbore,</strong></span> <span class='ocrx_word' id='word_1_304' title='bbox 1374 2691 1559 2770; x_wconf 90' lang='lat' dir='ltr'><strong>malo,</strong></span> <span class='ocrx_word' id='word_1_305' title='bbox 1608 2691 1890 2771; x_wconf 88' lang='lat' dir='ltr'><strong>jacentem</strong></span> <span class='ocrx_word' id='word_1_306' title='bbox 1929 2703 2284 2752; x_wconf 68' lang='lat' dir='ltr'><strong>mortuum«</strong></span> <span class='ocrx_word' id='word_1_307' title='bbox 2372 2690 2433 2750; x_wconf 91' lang='lat' dir='ltr'><strong>S.</strong></span> <span class='ocrx_word' id='word_1_308' title='bbox 2477 2689 2721 2768; x_wconf 86' lang='lat' dir='ltr'><strong>Sollier,</strong></span> <span class='ocrx_word' id='word_1_309' title='bbox 2771 2690 2832 2750; x_wconf 91' lang='lat' dir='ltr'><strong>in</strong></span> <span class='ocrx_word' id='word_1_310' title='bbox 2871 2688 2982 2750; x_wconf 89' lang='lat' dir='ltr'><strong>den</strong></span> <span class='ocrx_word' id='word_1_311' title='bbox 3022 2686 3171 2750; x_wconf 80' lang='lat' dir='ltr'><strong>Acta</strong></span> <span class='ocrx_word' id='word_1_312' title='bbox 3212 2690 3407 2753; x_wconf 90' lang='lat' dir='ltr'><strong>Sanct.</strong></span> <span class='ocrx_word' id='word_1_313' title='bbox 3440 2690 3597 2754; x_wconf 89' lang='lat' dir='ltr'><strong>Boll.</strong></span> <span class='ocrx_word' id='word_1_314' title='bbox 3648 2694 3725 2756; x_wconf 80' lang='lat'><strong>19</strong></span> 
     </span>
     <span class='ocr_line' id='line_1_26' title="bbox 613 2782 3726 2875; baseline -0.001 -22"><span class='ocrx_word' id='word_1_315' title='bbox 613 2791 771 2875; x_wconf 79' lang='lat' dir='ltr'><strong>Aug.</strong></span> <span class='ocrx_word' id='word_1_316' title='bbox 813 2787 1012 2869; x_wconf 77' lang='lat' dir='ltr'><strong>(Aug.</strong></span> <span class='ocrx_word' id='word_1_317' title='bbox 1050 2799 1094 2847; x_wconf 90' lang='lat' dir='ltr'><strong>t.</strong></span> <span class='ocrx_word' id='word_1_318' title='bbox 1134 2789 1174 2847; x_wconf 88' lang='lat'><strong>3</strong></span> <span class='ocrx_word' id='word_1_319' title='bbox 1215 2808 1271 2867; x_wconf 89' lang='lat' dir='ltr'><strong>p.</strong></span> <span class='ocrx_word' id='word_1_320' title='bbox 1312 2785 1488 2863; x_wconf 80' lang='lat'><strong>734).</strong></span> <span class='ocrx_word' id='word_1_321' title='bbox 1568 2785 1732 2846; x_wconf 90' lang='lat' dir='ltr'><strong>Oder</strong></span> <span class='ocrx_word' id='word_1_322' title='bbox 1757 2784 1918 2845; x_wconf 89' lang='lat' dir='ltr'><strong>Petr.</strong></span> <span class='ocrx_word' id='word_1_323' title='bbox 1947 2783 2069 2845; x_wconf 85' lang='lat' dir='ltr'><strong>Alf.</strong></span> <span class='ocrx_word' id='word_1_324' title='bbox 2112 2785 2210 2846; x_wconf 86' lang='lat' dir='ltr'><strong>hat</strong></span> <span class='ocrx_word' id='word_1_325' title='bbox 2247 2784 2452 2867; x_wconf 87' lang='lat' dir='ltr'><strong>irgend</strong></span> <span class='ocrx_word' id='word_1_326' title='bbox 2491 2783 2679 2846; x_wconf 89' lang='lat' dir='ltr'><strong>einem</strong></span> <span class='ocrx_word' id='word_1_327' title='bbox 2714 2782 3156 2846; x_wconf 86' lang='lat' dir='ltr'><strong>orientaliscben</strong></span> <span class='ocrx_word' id='word_1_328' title='bbox 3178 2783 3592 2851; x_wconf 84' lang='lat' dir='ltr'><strong>Anacboreten</strong></span> <span class='ocrx_word' id='word_1_329' title='bbox 3615 2787 3726 2851; x_wconf 82' lang='lat' dir='ltr'><strong>den</strong></span> 
     </span>
     <span class='ocr_line' id='line_1_27' title="bbox 616 2876 3009 2964; baseline -0.004 -16"><span class='ocrx_word' id='word_1_330' title='bbox 616 2879 1134 2948; x_wconf 82' lang='lat' dir='ltr'><strong>abendlandiscben</strong></span> <span class='ocrx_word' id='word_1_331' title='bbox 1170 2879 1421 2959; x_wconf 88' lang='lat' dir='ltr'><strong>Namen,</strong></span> <span class='ocrx_word' id='word_1_332' title='bbox 1458 2900 1579 2942; x_wconf 90' lang='lat' dir='ltr'><strong>von</strong></span> <span class='ocrx_word' id='word_1_333' title='bbox 1617 2879 1722 2941; x_wconf 92' lang='lat' dir='ltr'><strong>der</strong></span> <span class='ocrx_word' id='word_1_334' title='bbox 1759 2877 2014 2963; x_wconf 81' lang='lat' dir='ltr'><strong>heiligen</strong></span> <span class='ocrx_word' id='word_1_335' title='bbox 2052 2877 2341 2964; x_wconf 77' lang='lat' dir='ltr'><strong>Jungfrau</strong></span> <span class='ocrx_word' id='word_1_336' title='bbox 2378 2876 2662 2963; x_wconf 84' lang='lat' dir='ltr'><strong>gebildet,</strong></span> <span class='ocrx_word' id='word_1_337' title='bbox 2700 2876 3009 2964; x_wconf 87' lang='lat' dir='ltr'><strong>beigelegt.</strong></span> 
     </span>
    </p>
   </div>
   <div class='ocr_carea' id='block_1_5' title="bbox 2026 3077 2332 3152">
    <p class='ocr_par' dir='ltr' id='par_1_6' title="bbox 2026 3077 2332 3152">
     <span class='ocr_line' id='line_1_28' title="bbox 2026 3077 2332 3152; baseline -0.007 0"><span class='ocrx_word' id='word_1_338' title='bbox 2026 3077 2332 3152; x_wconf 89' lang='lat' dir='ltr'><strong>XXVII.</strong></span> 
     </span>
    </p>
   </div>
   <div class='ocr_carea' id='block_1_6' title="bbox 622 3219 3734 3877">
    <p class='ocr_par' dir='ltr' id='par_1_7' title="bbox 626 3219 3734 3877">
     <span class='ocr_line' id='line_1_29' title="bbox 861 3219 3729 3350; baseline 0 -64"><span class='ocrx_word' id='word_1_339' title='bbox 861 3227 919 3287; x_wconf 91' lang='lat'><strong>1.</strong></span> <span class='ocrx_word' id='word_1_340' title='bbox 1008 3221 1326 3283; x_wconf 75' lang='lat' dir='ltr'><strong>»Placita</strong></span> <span class='ocrx_word' id='word_1_341' title='bbox 1363 3231 1790 3294; x_wconf 86' lang='lat' dir='ltr'><strong>tractaret,</strong></span> <span class='ocrx_word' id='word_1_342' title='bbox 1879 3222 1941 3282; x_wconf 92' lang='lat' dir='ltr'><strong>S.</strong></span> <span class='ocrx_word' id='word_1_343' title='bbox 1991 3233 2167 3283; x_wconf 87' lang='lat' dir='ltr'><strong>unter</strong></span> <span class='ocrx_word' id='word_1_344' title='bbox 2201 3220 2420 3282; x_wconf 86' lang='lat' dir='ltr'><strong>andern</strong></span> <span class='ocrx_word' id='word_1_345' title='bbox 2458 3219 2776 3300; x_wconf 80' lang='lat' dir='ltr'><strong>Muratori,</strong></span> <span class='ocrx_word' id='word_1_346' title='bbox 2822 3222 3070 3284; x_wconf 79' lang='lat' dir='ltr'><strong>Dissert.</strong></span> <span class='ocrx_word' id='word_1_347' title='bbox 3107 3223 3189 3285; x_wconf 84' lang='lat'><strong>31</strong></span> <span class='ocrx_word' id='word_1_348' title='bbox 3254 3222 3399 3288; x_wconf 68' lang='lat' dir='ltr'><strong>¹’De</strong></span> <span class='ocrx_word' id='word_1_349' title='bbox 3426 3222 3729 3350; x_wconf 28' lang='lat' dir='ltr'><strong>*placitis</strong></span> 
     </span>
     <span class='ocr_line' id='line_1_30' title="bbox 622 3314 3026 3397; baseline -0.003 -11.839"><span class='ocrx_word' id='word_1_350' title='bbox 622 3336 698 3388; x_wconf 89' lang='lat' dir='ltr'><strong>et</strong></span> <span class='ocrx_word' id='word_1_351' title='bbox 733 3319 1002 3384; x_wconf 64' lang='lat' dir='ltr'><strong>mallis«</strong></span> <span class='ocrx_word' id='word_1_352' title='bbox 1052 3318 1112 3377; x_wconf 91' lang='lat' dir='ltr'><strong>in</strong></span> <span class='ocrx_word' id='word_1_353' title='bbox 1153 3317 1264 3380; x_wconf 88' lang='lat' dir='ltr'><strong>den</strong></span> <span class='ocrx_word' id='word_1_354' title='bbox 1303 3315 1597 3396; x_wconf 83' lang='lat' dir='ltr'><strong>Antiquit.</strong></span> <span class='ocrx_word' id='word_1_355' title='bbox 1635 3316 1784 3378; x_wconf 90' lang='lat' dir='ltr'><strong>med.</strong></span> <span class='ocrx_word' id='word_1_356' title='bbox 1823 3337 1944 3379; x_wconf 87' lang='lat' dir='ltr'><strong>aev.</strong></span> <span class='ocrx_word' id='word_1_357' title='bbox 1984 3317 2077 3379; x_wconf 88' lang='lat' dir='ltr'><strong>ed.</strong></span> <span class='ocrx_word' id='word_1_358' title='bbox 2115 3314 2314 3378; x_wconf 78' lang='lat' dir='ltr'><strong>Arret.</strong></span> <span class='ocrx_word' id='word_1_359' title='bbox 2352 3328 2399 3377; x_wconf 87' lang='lat' dir='ltr'><strong>t.</strong></span> <span class='ocrx_word' id='word_1_360' title='bbox 2441 3318 2481 3377; x_wconf 83' lang='lat'><strong>6</strong></span> <span class='ocrx_word' id='word_1_361' title='bbox 2522 3317 2802 3397; x_wconf 84' lang='lat' dir='ltr'><strong>(Mediol.</strong></span> <span class='ocrx_word' id='word_1_362' title='bbox 2846 3329 2889 3378; x_wconf 90' lang='lat' dir='ltr'><strong>t.</strong></span> <span class='ocrx_word' id='word_1_363' title='bbox 2927 3314 3026 3395; x_wconf 75' lang='lat'><strong>2).</strong></span> 
     </span>
     <span class='ocr_line' id='line_1_31' title="bbox 863 3410 3499 3495; baseline 0 -20"><span class='ocrx_word' id='word_1_364' title='bbox 863 3413 922 3475; x_wconf 89' lang='grc'><strong>3.</strong></span> <span class='ocrx_word' id='word_1_365' title='bbox 1008 3412 1546 3474; x_wconf 69' lang='lat' dir='ltr'><strong>»oeCommunem</strong></span> <span class='ocrx_word' id='word_1_366' title='bbox 1565 3417 1574 3428; x_wconf 86' lang='lat'>&#39;</span> <span class='ocrx_word' id='word_1_367' title='bbox 1636 3411 1719 3471; x_wconf 90' lang='lat' dir='ltr'><strong>So</strong></span> <span class='ocrx_word' id='word_1_368' title='bbox 1761 3410 1909 3473; x_wconf 90' lang='lat' dir='ltr'><strong>Cod.</strong></span> <span class='ocrx_word' id='word_1_369' title='bbox 1946 3411 2113 3473; x_wconf 84' lang='lat' dir='ltr'><strong>Vrat.</strong></span> <span class='ocrx_word' id='word_1_370' title='bbox 2191 3411 2318 3472; x_wconf 90' lang='lat' dir='ltr'><strong>Der</strong></span> <span class='ocrx_word' id='word_1_371' title='bbox 2356 3410 2583 3474; x_wconf 87' lang='lat' dir='ltr'><strong>Pariser</strong></span> <span class='ocrx_word' id='word_1_372' title='bbox 2621 3412 2768 3474; x_wconf 91' lang='lat' dir='ltr'><strong>Cod.</strong></span> <span class='ocrx_word' id='word_1_373' title='bbox 2808 3411 2958 3495; x_wconf 84' lang='lat' dir='ltr'><strong>Reg.</strong></span> <span class='ocrx_word' id='word_1_374' title='bbox 3006 3413 3499 3480; x_wconf 58' lang='lat' dir='ltr'><strong>”communiam</strong></span> 
     </span>
     <span class='ocr_line' id='line_1_32' title="bbox 870 3504 3733 3590; baseline 0.001 -23.049"><span class='ocrx_word' id='word_1_375' title='bbox 870 3505 1179 3568; x_wconf 71' lang='lat' dir='ltr'><strong>»Omnes</strong></span> <span class='ocrx_word' id='word_1_376' title='bbox 1221 3505 1821 3569; x_wconf 73' lang='lat' dir='ltr'><strong>consuetudines«</strong></span> <span class='ocrx_word' id='word_1_377' title='bbox 1866 3540 1949 3554; x_wconf 94' lang='lat'>—</span> <span class='ocrx_word' id='word_1_378' title='bbox 1998 3507 2098 3567; x_wconf 91' lang='lat' dir='ltr'><strong>Du</strong></span> <span class='ocrx_word' id='word_1_379' title='bbox 2139 3504 2370 3590; x_wconf 85' lang='lat' dir='ltr'><strong>Gange,</strong></span> <span class='ocrx_word' id='word_1_380' title='bbox 2418 3506 2527 3569; x_wconf 85' lang='lat' dir='ltr'><strong>Nr.</strong></span> <span class='ocrx_word' id='word_1_381' title='bbox 2566 3510 2635 3567; x_wconf 80' lang='lat'><strong>4:</strong></span> <span class='ocrx_word' id='word_1_382' title='bbox 2694 3506 3083 3584; x_wconf 72' lang='lat' dir='ltr'><strong>»Praestatio,</strong></span> <span class='ocrx_word' id='word_1_383' title='bbox 3122 3527 3270 3590; x_wconf 86' lang='lat' dir='ltr'><strong>quae</strong></span> <span class='ocrx_word' id='word_1_384' title='bbox 3308 3529 3378 3571; x_wconf 83' lang='lat' dir='ltr'><strong>ex</strong></span> <span class='ocrx_word' id='word_1_385' title='bbox 3417 3518 3733 3570; x_wconf 82' lang='lat' dir='ltr'><strong>consuetu-</strong></span> 
     </span>
     <span class='ocr_line' id='line_1_33' title="bbox 627 3591 3724 3686; baseline 0.001 -23"><span class='ocrx_word' id='word_1_386' title='bbox 627 3607 761 3668; x_wconf 83' lang='lat' dir='ltr'><strong>dine</strong></span> <span class='ocrx_word' id='word_1_387' title='bbox 787 3613 1128 3686; x_wconf 83' lang='lat' dir='ltr'><strong>praestatur,</strong></span> <span class='ocrx_word' id='word_1_388' title='bbox 1167 3601 1328 3681; x_wconf 86' lang='lat' dir='ltr'><strong>cujus</strong></span> <span class='ocrx_word' id='word_1_389' title='bbox 1363 3600 1590 3661; x_wconf 86' lang='lat' dir='ltr'><strong>initium</strong></span> <span class='ocrx_word' id='word_1_390' title='bbox 1617 3602 1939 3685; x_wconf 86' lang='lat' dir='ltr'><strong>ignoratur,</strong></span> <span class='ocrx_word' id='word_1_391' title='bbox 1978 3614 2039 3663; x_wconf 89' lang='lat' dir='ltr'><strong>et</strong></span> <span class='ocrx_word' id='word_1_392' title='bbox 2064 3623 2098 3663; x_wconf 80' lang='lat' dir='ltr'><strong>a</strong></span> <span class='ocrx_word' id='word_1_393' title='bbox 2125 3622 2243 3684; x_wconf 89' lang='lat' dir='ltr'><strong>quo</strong></span> <span class='ocrx_word' id='word_1_394' title='bbox 2272 3602 2563 3663; x_wconf 68' lang='lat' dir='ltr'><strong>inducta-a</strong></span> <span class='ocrx_word' id='word_1_395' title='bbox 2607 3632 2690 3647; x_wconf 93' lang='lat'>—</span> <span class='ocrx_word' id='word_1_396' title='bbox 2727 3600 2853 3662; x_wconf 88' lang='lat' dir='ltr'><strong>Der</strong></span> <span class='ocrx_word' id='word_1_397' title='bbox 2878 3599 3221 3664; x_wconf 67' lang='lat' dir='ltr'><strong>(3011.th</strong></span> <span class='ocrx_word' id='word_1_398' title='bbox 3261 3591 3393 3665; x_wconf 79' lang='lat' dir='ltr'><strong>liest</strong></span> <span class='ocrx_word' id='word_1_399' title='bbox 3437 3617 3724 3670; x_wconf 64' lang='lat' dir='ltr'><strong>»omnes«</strong></span> 
     </span>
     <span class='ocr_line' id='line_1_34' title="bbox 626 3694 3733 3781; baseline -0.001 -19"><span class='ocrx_word' id='word_1_400' title='bbox 626 3699 807 3764; x_wconf 86' lang='lat' dir='ltr'><strong>nicht.</strong></span> <span class='ocrx_word' id='word_1_401' title='bbox 882 3696 1047 3758; x_wconf 84' lang='lat' dir='ltr'><strong>Aber</strong></span> <span class='ocrx_word' id='word_1_402' title='bbox 1095 3694 1356 3756; x_wconf 86' lang='lat' dir='ltr'><strong>mebrere</strong></span> <span class='ocrx_word' id='word_1_403' title='bbox 1406 3694 1501 3757; x_wconf 90' lang='lat' dir='ltr'><strong>bei</strong></span> <span class='ocrx_word' id='word_1_404' title='bbox 1537 3697 1635 3757; x_wconf 90' lang='lat' dir='ltr'><strong>Du</strong></span> <span class='ocrx_word' id='word_1_405' title='bbox 1677 3696 1877 3780; x_wconf 86' lang='lat' dir='ltr'><strong>Cange</strong></span> <span class='ocrx_word' id='word_1_406' title='bbox 1925 3698 2240 3781; x_wconf 86' lang='lat' dir='ltr'><strong>gedruckte</strong></span> <span class='ocrx_word' id='word_1_407' title='bbox 2279 3695 2502 3758; x_wconf 89' lang='lat' dir='ltr'><strong>Stellen</strong></span> <span class='ocrx_word' id='word_1_408' title='bbox 2554 3695 2642 3775; x_wconf 80' lang='lat' dir='ltr'><strong>(z.</strong></span> <span class='ocrx_word' id='word_1_409' title='bbox 2681 3695 2753 3755; x_wconf 91' lang='grc' dir='ltr'><strong>Β.</strong></span> <span class='ocrx_word' id='word_1_410' title='bbox 2815 3694 2927 3757; x_wconf 68' lang='lat' dir='ltr'><strong>¹*ab</strong></span> <span class='ocrx_word' id='word_1_411' title='bbox 2968 3696 3157 3758; x_wconf 88' lang='lat' dir='ltr'><strong>omni</strong></span> <span class='ocrx_word' id='word_1_412' title='bbox 3208 3717 3383 3779; x_wconf 72' lang='lat' dir='ltr'><strong>prava</strong></span> <span class='ocrx_word' id='word_1_413' title='bbox 3420 3710 3733 3759; x_wconf 66' lang='lat' dir='ltr'><strong>consuetu-</strong></span> 
     </span>
     <span class='ocr_line' id='line_1_35' title="bbox 628 3789 3734 3877; baseline -0.001 -22"><span class='ocrx_word' id='word_1_414' title='bbox 628 3793 829 3860; x_wconf 81' lang='lat' dir='ltr'><strong>tudine</strong></span> <span class='ocrx_word' id='word_1_415' title='bbox 866 3789 1087 3872; x_wconf 86' lang='lat' dir='ltr'><strong>jacendi</strong></span> <span class='ocrx_word' id='word_1_416' title='bbox 1126 3802 1189 3851; x_wconf 92' lang='lat' dir='ltr'><strong>et</strong></span> <span class='ocrx_word' id='word_1_417' title='bbox 1226 3791 1602 3864; x_wconf 80' lang='lat' dir='ltr'><strong>concedendi3</strong></span> <span class='ocrx_word' id='word_1_418' title='bbox 1662 3789 1733 3852; x_wconf 87' lang='lat' dir='ltr'><strong>ab</strong></span> <span class='ocrx_word' id='word_1_419' title='bbox 1787 3791 1975 3852; x_wconf 88' lang='lat' dir='ltr'><strong>omni</strong></span> <span class='ocrx_word' id='word_1_420' title='bbox 2024 3791 2441 3853; x_wconf 85' lang='lat' dir='ltr'><strong>consuetudine</strong></span> <span class='ocrx_word' id='word_1_421' title='bbox 2482 3789 2788 3852; x_wconf 83' lang='lat' dir='ltr'><strong>Consulari</strong></span> <span class='ocrx_word' id='word_1_422' title='bbox 2825 3790 3153 3870; x_wconf 80' lang='lat' dir='ltr'><strong>liberam«)</strong></span> <span class='ocrx_word' id='word_1_423' title='bbox 3198 3793 3404 3877; x_wconf 75' lang='lat' dir='ltr'><strong>zeigen</strong></span> <span class='ocrx_word' id='word_1_424' title='bbox 3463 3791 3581 3853; x_wconf 80' lang='lat' dir='ltr'><strong>wie</strong></span> <span class='ocrx_word' id='word_1_425' title='bbox 3628 3812 3734 3876; x_wconf 78' lang='lat' dir='ltr'><strong>ge-</strong></span> 
     </span>
    </p>
   </div>
   <div class='ocr_carea' id='block_1_7' title="bbox 469 3885 1756 3970">
    <p class='ocr_par' dir='ltr' id='par_1_8' title="bbox 469 3885 1756 3970">
     <span class='ocr_line' id='line_1_36' title="bbox 469 3885 1756 3970; baseline -0.005 -18"><span class='ocrx_word' id='word_1_426' title='bbox 469 3885 486 3904; x_wconf 50' lang='lat'><em>*</em></span> <span class='ocrx_word' id='word_1_427' title='bbox 612 3885 962 3952; x_wconf 68' lang='lat' dir='ltr'><strong>br’ancblich</strong></span> <span class='ocrx_word' id='word_1_428' title='bbox 1001 3885 1185 3946; x_wconf 85' lang='lat' dir='ltr'><strong>dieser</strong></span> <span class='ocrx_word' id='word_1_429' title='bbox 1224 3888 1431 3946; x_wconf 81' lang='lat' dir='ltr'><strong>Zusatz</strong></span> <span class='ocrx_word' id='word_1_430' title='bbox 1470 3908 1756 3970; x_wconf 85' lang='lat' dir='ltr'><strong>gewesen.</strong></span> 
     </span>
    </p>
   </div>
   <div class='ocr_carea' id='block_1_8' title="bbox 631 3979 3735 4251">
    <p class='ocr_par' dir='ltr' id='par_1_9' title="bbox 631 3979 3735 4251">
     <span class='ocr_line' id='line_1_37' title="bbox 878 3979 3735 4062; baseline 0.002 -23.075"><span class='ocrx_word' id='word_1_431' title='bbox 878 3980 1134 4039; x_wconf 75' lang='lat' dir='ltr'><strong>»Plura</strong></span> <span class='ocrx_word' id='word_1_432' title='bbox 1184 3982 1784 4043; x_wconf 85' lang='lat' dir='ltr'><strong>vestimentorum</strong></span> <span class='ocrx_word' id='word_1_433' title='bbox 1825 3979 2256 4042; x_wconf 74' lang='lat' dir='ltr'><strong>mutatoria«</strong></span> <span class='ocrx_word' id='word_1_434' title='bbox 2303 4012 2385 4027; x_wconf 94' lang='lat'>—</span> <span class='ocrx_word' id='word_1_435' title='bbox 2442 3980 2666 4062; x_wconf 87' lang='lat' dir='ltr'><strong>Papias.</strong></span> <span class='ocrx_word' id='word_1_436' title='bbox 2723 3981 3199 4058; x_wconf 62' lang='lat' dir='ltr'><strong>mutatoria,</strong></span> <span class='ocrx_word' id='word_1_437' title='bbox 3246 3979 3521 4043; x_wconf 86' lang='lat' dir='ltr'><strong>solemnia</strong></span> <span class='ocrx_word' id='word_1_438' title='bbox 3556 3981 3735 4044; x_wconf 78' lang='lat' dir='ltr'><strong>vesti-</strong></span> 
     </span>
     <span class='ocr_line' id='line_1_38' title="bbox 631 4073 3735 4148; baseline -0.001 -7"><span class='ocrx_word' id='word_1_439' title='bbox 631 4088 826 4141; x_wconf 84' lang='lat' dir='ltr'><strong>menta</strong></span> <span class='ocrx_word' id='word_1_440' title='bbox 865 4074 985 4136; x_wconf 87' lang='lat' dir='ltr'><strong>aliis</strong></span> <span class='ocrx_word' id='word_1_441' title='bbox 1026 4075 1327 4135; x_wconf 63' lang='lat' dir='ltr'><strong>meliora«</strong></span> <span class='ocrx_word' id='word_1_442' title='bbox 1376 4108 1456 4121; x_wconf 91' lang='lat'>—</span> <span class='ocrx_word' id='word_1_443' title='bbox 1494 4075 1619 4136; x_wconf 85' lang='lat' dir='ltr'><strong>Jac.</strong></span> <span class='ocrx_word' id='word_1_444' title='bbox 1661 4077 1730 4136; x_wconf 91' lang='lat' dir='ltr'><strong>de</strong></span> <span class='ocrx_word' id='word_1_445' title='bbox 1754 4073 2045 4148; x_wconf 87' lang='lat' dir='ltr'><strong>Vitriaco‚</strong></span> <span class='ocrx_word' id='word_1_446' title='bbox 2082 4074 2233 4134; x_wconf 88' lang='lat' dir='ltr'><strong>Hist.</strong></span> <span class='ocrx_word' id='word_1_447' title='bbox 2260 4074 2460 4136; x_wconf 88' lang='lat' dir='ltr'><strong>Occid.</strong></span> <span class='ocrx_word' id='word_1_448' title='bbox 2499 4097 2548 4136; x_wconf 91' lang='lat' dir='ltr'><strong>c.</strong></span> <span class='ocrx_word' id='word_1_449' title='bbox 2587 4077 2690 4136; x_wconf 80' lang='lat'><strong>3⁰:</strong></span> <span class='ocrx_word' id='word_1_450' title='bbox 2739 4075 2991 4136; x_wconf 76' lang='grc' dir='ltr'>»Μίιιιιιι</span> <span class='ocrx_word' id='word_1_451' title='bbox 3031 4089 3091 4137; x_wconf 91' lang='lat' dir='ltr'><strong>et</strong></span> <span class='ocrx_word' id='word_1_452' title='bbox 3129 4074 3334 4137; x_wconf 84' lang='lat' dir='ltr'><strong>histrio</strong></span> <span class='ocrx_word' id='word_1_453' title='bbox 3373 4076 3446 4137; x_wconf 86' lang='lat' dir='ltr'><strong>ad</strong></span> <span class='ocrx_word' id='word_1_454' title='bbox 3483 4097 3735 4139; x_wconf 80' lang='lat' dir='ltr'><strong>mensam</strong></span> 
     </span>
     <span class='ocr_line' id='line_1_39' title="bbox 633 4167 3735 4251; baseline 0 -18"><span class='ocrx_word' id='word_1_455' title='bbox 633 4183 849 4242; x_wconf 84' lang='lat' dir='ltr'><strong>cantat;</strong></span> <span class='ocrx_word' id='word_1_456' title='bbox 898 4168 1127 4230; x_wconf 86' lang='lat' dir='ltr'><strong>multa</strong></span> <span class='ocrx_word' id='word_1_457' title='bbox 1155 4169 1472 4229; x_wconf 85' lang='lat' dir='ltr'><strong>·vestium</strong></span> <span class='ocrx_word' id='word_1_458' title='bbox 1516 4168 1906 4229; x_wconf 83' lang='lat' dir='ltr'><strong>mutatoria</strong></span> <span class='ocrx_word' id='word_1_459' title='bbox 1954 4167 2025 4228; x_wconf 83' lang='lat' dir='ltr'><strong>ad</strong></span> <span class='ocrx_word' id='word_1_460' title='bbox 2066 4169 2510 4231; x_wconf 81' lang='lat' dir='ltr'><strong>ostentationem</strong></span> <span class='ocrx_word' id='word_1_461' title='bbox 2549 4170 2814 4233; x_wconf 80' lang='lat' dir='ltr'><strong>vanitatis</strong></span> <span class='ocrx_word' id='word_1_462' title='bbox 2850 4171 2911 4231; x_wconf 90' lang='lat' dir='ltr'><strong>in</strong></span> <span class='ocrx_word' id='word_1_463' title='bbox 2950 4169 3170 4251; x_wconf 85' lang='lat' dir='ltr'><strong>pertica</strong></span> <span class='ocrx_word' id='word_1_464' title='bbox 3206 4169 3624 4247; x_wconf 75' lang='lat' dir='ltr'><strong>extenduntur,</strong></span> <span class='ocrx_word' id='word_1_465' title='bbox 3672 4183 3735 4234; x_wconf 81' lang='lat' dir='ltr'><strong>et</strong></span> 
     </span>
    </p>
   </div>
   <div class='ocr_carea' id='block_1_9' title="bbox 634 4261 3849 4351">
    <p class='ocr_par' dir='ltr' id='par_1_10' title="bbox 634 4261 3849 4351">
     <span class='ocr_line' id='line_1_40' title="bbox 634 4261 3849 4351; baseline 0 -23"><span class='ocrx_word' id='word_1_466' title='bbox 634 4265 856 4329; x_wconf 86' lang='lat' dir='ltr'><strong>Christi</strong></span> <span class='ocrx_word' id='word_1_467' title='bbox 905 4283 1186 4347; x_wconf 85' lang='lat' dir='ltr'><strong>pauperes</strong></span> <span class='ocrx_word' id='word_1_468' title='bbox 1245 4262 1390 4322; x_wconf 84' lang='lat' dir='ltr'><strong>fame</strong></span> <span class='ocrx_word' id='word_1_469' title='bbox 1441 4274 1503 4322; x_wconf 84' lang='lat' dir='ltr'><strong>et</strong></span> <span class='ocrx_word' id='word_1_470' title='bbox 1553 4263 1773 4346; x_wconf 76' lang='lat' dir='ltr'><strong>frigore</strong></span> <span class='ocrx_word' id='word_1_471' title='bbox 1823 4261 2211 4326; x_wconf 62' lang='lat' dir='ltr'><strong>cruciantium«</strong></span> <span class='ocrx_word' id='word_1_472' title='bbox 2267 4295 2349 4310; x_wconf 94' lang='lat'>—</span> <span class='ocrx_word' id='word_1_473' title='bbox 2414 4262 2555 4326; x_wconf 79' lang='lat' dir='ltr'><strong>Dies</strong></span> <span class='ocrx_word' id='word_1_474' title='bbox 2614 4276 2788 4328; x_wconf 87' lang='lat' dir='ltr'><strong>unter</strong></span> <span class='ocrx_word' id='word_1_475' title='bbox 2842 4263 3031 4330; x_wconf 82' lang='lat' dir='ltr'><strong>vielen</strong></span> <span class='ocrx_word' id='word_1_476' title='bbox 3087 4264 3307 4327; x_wconf 80' lang='lat' dir='ltr'><strong>andern</strong></span> <span class='ocrx_word' id='word_1_477' title='bbox 3362 4266 3464 4328; x_wconf 83' lang='lat' dir='ltr'><strong>Du</strong></span> <span class='ocrx_word' id='word_1_478' title='bbox 3517 4264 3734 4351; x_wconf 72' lang='lat' dir='ltr'><strong>Gange.</strong></span> <span class='ocrx_word' id='word_1_479' title='bbox 3836 4261 3849 4284; x_wconf 84' lang='lat'><strong><em>‘</em></strong></span> 
     </span>
    </p>
   </div>
  </div>
 </body>
</html>
